3314 5460
210 369 275 436 350
661 372 698 427 n.
719 373 825 428 rvnnr
844 371 1033 428 cressonis

174 537 266 602 ased
290 542 399 601 tamen
422 535 507 600 idem
531 558 582 600 me
606 537 817 602 consolantur
845 538 957 603 etiam:
985 537 1150 603 hominem
1178 541 1349 621 perustum
1379 538 1497 601 etiam-

155 728 162 732 ·
208 666 286 708 num
311 644 416 729 gloria
440 643 552 707 volunt
575 641 745 709 incendere
770 650 868 729 atque
892 645 939 709 ita
962 645 1125 711 locuntur:

368 769 411 851 μὴ
436 769 501 852 μὰν
525 767 689 834 ἀσπουδεί
708 792 744 851 γε
768 767 824 834 καὶ
847 768 984 846 ἀκλειῶς
1007 769 1209 853 ἀπολοίμην,

368 873 451 939 ἀλλὰ
475 873 557 959 μέγα
580 874 674 961 ῥέξας
697 899 729 940 ιι
751 873 807 940 καὶ
830 875 1038 961 ἐσσομένοισι
1060 874 1240 941 πυθέσθαι.

209 1000 264 1062 sed
289 1022 340 1063 me
364 1000 471 1064 minua
495 1001 561 1064 iam
585 1005 730 1084 movent,
760 1007 797 1067 ut
824 1002 921 1066 rides.
963 1002 1074 1085 itaque
1102 1002 1142 1065 ab
1166 1000 1301 1065 Homeri
1331 1000 1495 1083 magnilo-
1524 1023 1537 1059 s

210 1106 344 1188 quentia
367 1106 498 1171 confero
523 1129 574 1172 me
599 1108 638 1171 ad
661 1130 738 1172 vera
762 1112 936 1192 praecepta
958 1106 1158 1192 Εὐριπίδου·

370 1242 455 1314 μισῶ
480 1235 655 1315 σοφιστήν,
678 1232 768 1309 ὅστις
791 1232 851 1317 οὐχ
875 1231 963 1319 αὑτῷ
988 1235 1103 1317 σοφός·

209 1376 305 1437 quem
328 1376 457 1419 versum
487 1378 584 1420 senex
607 1355 765 1421 Precilius
793 1357 906 1421 laudat
933 1357 1063 1443 egregie
1092 1360 1125 1421 et
1152 1356 1199 1421 ait
1227 1377 1322 1440 posse
1350 1357 1493 1420 eundem

209 1464 242 1523 et
265 1461 332 1543 ἅμα
355 1464 489 1546 πρόσσω
512 1460 568 1526 καὶ
592 1462 717 1528 ὀπίσσω
741 1464 850 1527 ridere
874 1468 907 1528 et
930 1466 1041 1528 tamen
1062 1462 1165 1527 nihilo
1190 1463 1296 1527 minus

368 1582 439 1650 allo
464 1586 649 1672 ἀριστεύειν
672 1586 727 1652 καὶ
749 1588 929 1674 ὑπείροχον
953 1591 1090 1672 ἔμμεναι
1112 1588 1233 1652 ἄλλων,
1511 1612 1536 1648 ιο

172 1724 187 1771 3
208 1708 273 1792 sed,
298 1714 333 1773 ut
356 1712 485 1775 redeam
509 1713 548 1776 ad
573 1712 614 1794 id,
637 1714 721 1778 unde
746 1714 846 1799 coepi,
874 1714 1081 1778 vehementer
1104 1711 1184 1776 mihi
1208 1716 1341 1798 gratum
1362 1710 1493 1793 feceris

208 1816 235 1879 si
262 1815 349 1881 hunc
377 1818 616 1884 adulescentem
648 1819 852 1884 humanitate
886 1825 956 1904 tua,
989 1842 1070 1906 quae
1100 1823 1151 1884 eat
1179 1819 1369 1905 singularis,
1406 1840 1493 1883 com·

206 1922 371 2006 prenderis
392 1929 425 1988 et
445 1926 484 1989 ad
499 1926 541 2008 id,
561 1927 647 2009 quod
668 1927 813 2010 ipsorum
833 1926 1046 1991 Preciliorum
1065 1947 1163 1991 causa
1181 1930 1214 1989 te
1233 1926 1317 1990 velle
1336 1925 1493 2007 arbitror,
1510 1955 1521 1978 ο

207 2029 367 2095 addideris
392 2032 557 2096 cumulum
581 2032 871 2098 commendationis
892 2055 990 2098 meae.
1028 2054 1145 2119 genere
1164 2054 1249 2097 novo
1270 2054 1343 2096 sum
1363 2032 1493 2096 littera-

206 2158 278 2201 rum
298 2139 338 2202 ad
357 2141 390 2202 te
410 2161 497 2223 usus,
517 2144 554 2203 ut
574 2140 780 2225 intellegeres
800 2160 865 2204 non
885 2140 1052 2225 vulgarem
1072 2162 1143 2204 esse
1162 2139 1493 2204 commendationem.
1511 2163 1535 2201 ις.

730 2353 817 2419 xvi.
856 2350 960 2439 (reo.)

627 2495 786 2563 cronno
813 2493 1005 2560 oausam
1030 2493 1061 2559 s,

170 2656 181 2702 1
291 2641 326 2708 P.
346 2639 502 2706 Crassum
526 2663 565 2705 ex
588 2640 677 2705 omni
700 2639 874 2704 nobilitate
906 2637 1146 2703 adulescentem
1173 2636 1271 2701 dilexi
1299 2638 1494 2723 plurimum,

202 2753 296 2813 etex
320 2772 358 2814 eo
383 2771 456 2813 cum
480 2749 521 2813 ab
546 2748 677 2811 ineunte
702 2747 771 2811 eius
795 2750 902 2810 aetate
932 2744 1012 2808 bene
1041 2744 1270 2828 speravisaem,
1303 2750 1379 2810 tum
1402 2747 1495 2830 †per

202 2877 252 2919 me
277 2854 463 2920 existimare
488 2855 581 2938 coepi
605 2877 644 2918 ex
666 2853 718 2917 his
743 2851 886 2936 iudiciis,
917 2872 999 2935 quae
1023 2851 1061 2915 de
1086 2874 1123 2916 eo
1152 2851 1307 2935 feceram,
1335 2853 1492 2938 cognitis.
1507 2875 1531 2914 ro

202 2961 269 3025 eius
294 2962 449 3026 libertum
473 2960 686 3045 Apollonium
716 2960 783 3024 iam
807 2965 878 3023 tum
901 2958 1065 3043 equidem,
1098 2982 1171 3024 eum
1200 2959 1256 3022 ille
1284 2957 1428 3044 viveret,
1460 2964 1493 3023 et

202 3067 313 3152 magni
337 3067 495 3132 faciebam
520 3073 552 3131 et
575 3066 769 3150 probabam,
797 3070 867 3129 erat
891 3064 978 3128 enim
1001 3067 1035 3128 et
1058 3065 1225 3130 studiosus
1249 3062 1365 3129 Crassi
1395 3065 1492 3128 etad

202 3173 272 3235 eius
296 3172 421 3255 optima
445 3173 553 3237 studia
581 3172 788 3236 vehementer
816 3175 925 3254 aptus;
953 3170 1065 3255 itaque
1090 3171 1130 3235 ab
1155 3192 1193 3236 eo
1218 3170 1398 3236 admodum
1421 3169 1492 3234 dili-

167 3279 350 3363 ngebatur.
390 3285 467 3363 post
495 3283 635 3343 mortem
664 3282 773 3343 autem
796 3274 905 3341 Crassi
935 3298 972 3340 eo
1002 3275 1083 3340 mihi
1112 3275 1211 3341 etiam
1240 3276 1374 3362 dignior
1402 3278 1489 3342 visus

202 3390 261 3469 est,
286 3407 382 3470 quem
405 3386 440 3450 in
463 3386 561 3449 fidem
585 3390 682 3470 atque
707 3384 887 3449 amicitiam
912 3405 1017 3448 meam
1045 3383 1239 3468 reciperem,
1271 3385 1361 3468 quod
1391 3406 1446 3449 eos
1470 3405 1524 3448 aa

202 3515 236 3557 se
261 3492 480 3558 observandos
504 3497 537 3556 et
561 3492 712 3557 colendos
736 3490 888 3575 putabat,
919 3511 1000 3573 quos
1023 3490 1079 3553 ille
1108 3488 1277 3554 dilexisset
1305 3495 1340 3556 et
1369 3491 1487 3575 quibus

201 3622 294 3664 carus
318 3600 449 3684 fuisset,
471 3599 580 3684 itaque
605 3602 638 3663 et
661 3599 702 3662 ad
721 3620 772 3661 me
792 3597 826 3660 in
846 3594 993 3660 Ciliciam
1017 3597 1106 3661 venit
1131 3596 1311 3682 multisque
1335 3597 1371 3662 in
1391 3598 1486 3663 rebus

202 3707 283 3770 milri
307 3728 426 3792 magno
451 3706 525 3770 usui
548 3705 612 3769 fuit
635 3710 668 3769 et
691 3704 770 3768 fides
794 3703 863 3767 eius
887 3707 920 3767 et
943 3703 1125 3788 prudentia,
1150 3707 1192 3788 et,
1216 3707 1253 3768 ut
1273 3703 1404 3789 opinor,
1426 3704 1487 3769 tibi

291 3905 313 3952 1.
330 3898 511 3953 consolantur
521 3917 545 3966 ς,
561 3898 721 3952 consolatur
733 3900 763 3950 Ψ
774 3900 784 3965 l
798 3902 822 3950 1.
833 3901 857 3948 ⁶2.
874 3895 1041 3966 etiamnum]
1057 3895 1135 3950 etien
1144 3913 1214 3949 num
1222 3897 1258 3950 Μ
1272 3897 1319 3965 (cs.
1330 3895 1392 3966 XII,
1403 3901 1448 3962 15,
1460 3902 1488 3960 3;

200 3968 273 4036 Xlll‚
285 3976 326 4037 10,
335 3973 370 4038 2),
382 3969 469 4024 etiam
479 3987 565 4022 unum
575 3970 614 4035 H,
625 3972 654 4023 et
663 3969 711 4022 ina
721 3969 778 4036 (sed
787 3968 836 4021 lroc
845 3985 869 4021 v.
880 3968 943 4035 del.)
954 3965 1069 4020 inanum
1079 3967 1109 4020 D
1120 3969 1163 4035 (iu
1171 3985 1223 4038 ιιιμ.
1234 3967 1264 4020 D
1272 3968 1295 4021 ¹:
1306 3966 1344 4022 al.
1356 3967 1488 4021 inanissi-

201 4044 287 4107 mum)
301 4044 311 4109 ΙΙ
325 4046 349 4094 2.
364 4039 517 4109 loquuntur
529 4041 617 4108 ΜΗΗ
632 4048 655 4095 3,
671 4040 708 4110 μὴ
754 4057 766 4091 ε
781 4038 822 4106 Μ,
838 4057 869 4118 μι
879 4037 973 4162 OHD}
984 4042 1011 4090 X
1023 4044 1075 4119 394
1089 4041 1098 4107 ll
1112 4042 1267 4108 enolocpev
1280 4039 1319 4092 M
1329 4040 1340 4107 ΙΙ
1354 4046 1380 4092 4.
1396 4056 1490 4110 coope-

201 4128 289 4164 νοισσι
303 4112 490 4166 πυθεσιαιΜ
501 4115 510 4180 ΙΙ
525 4119 549 4166 o.
564 4128 607 4164 me
622 4112 714 4164 minus
756 4109 940 4176 D,m11nmua
971 4110 993 4164 l.
1020 4126 1112 4162 mmus
1127 4111 1179 4163 alii
1193 4112 1202 4179 ll
1217 4115 1241 4164 6.
1258 4112 1425 4175 εορειπισοο
1435 4111 1472 4164 Μ

202 4187 224 4235 7.
245 4199 313 4251 μισω
333 4186 428 4252 (pecco
444 4183 504 4254 Ml]
524 4183 594 4238 Eur.
610 4185 645 4248 fr.
661 4189 712 4235 905
732 4183 778 4248 (fr.
794 4187 862 4250 trop.
880 4181 928 4234 Gr.
946 4199 975 4249 μ.
991 4185 1042 4232 652
1058 4181 1120 4248 N.²)
1135 4186 1145 4248 ΙΙ
1159 4188 1183 4235 8.
1202 4179 1359 4250 praesilius
1373 4183 1398 4236 h.
1414 4184 1490 4248 1.st

201 4260 224 4307 9,
245 4252 303 4322 ἅμα
322 4251 432 4321 πρόσσω
452 4257 562 4321 (apocri
580 4255 617 4307 M
620 4256 642 4323 ll
663 4258 758 4320 11343,
778 4273 799 4304 ω
814 4257 865 4303 452
880 4253 889 4319 ΙΙ
911 4256 952 4305 10.
974 4249 1048 4322 alta]
1070 4255 1167 4318 2208,
1186 4254 1490 4321 Λ78411ιιριστεοειιν

200 4325 236 4376 Μ
247 4328 255 4390 ΙΙ
270 4329 483 4393 εμμενααιαλων
491 4326 526 4378 Μ
538 4329 547 4392 ΙΙ
563 4332 603 4379 11.
615 4325 676 4393 cepi
685 4325 745 4376 HD
759 4326 768 4392 ll
784 4328 876 4376 1213.
891 4322 1134 4390 comprehenderis
1144 4322 1205 4376 HD
1215 4326 1223 4383 ζῖ
1234 4328 1277 4377 13.
1287 4323 1489 4391 praeciliorum

199 4395 358 4463 (pciliorum
378 4396 423 4463 ll)
444 4396 504 4450 HD
517 4399 527 4464 ll
550 4402 590 4450 14.
610 4392 846 4448 commendationi
865 4409 944 4445 meae
964 4392 1026 4446 HD
1047 4396 1057 4461 ΙΙ
1081 4398 1122 4447 17.
1143 4393 1170 4448 G.
1191 4401 1256 4450 aaa
1274 4395 1388 4449 caesari
1407 4398 1440 4449 ιἰι
1458 4395 1493 4449 Μ

199 4484 305 4520 erasum
326 4470 385 4535 (ora.
401 4468 442 4536 P)
456 4470 465 4535 ΙΙ
480 4473 521 4521 19.
542 4484 574 4520 ex
594 4469 639 4537 eo]
660 4467 694 4519 de
710 4483 741 4520 eo
761 4468 813 4519 aaa
826 4467 835 4533 ῃ
851 4469 891 4518 19,
912 4469 953 4516 20.
973 4480 1023 4531 per
1038 4464 1094 4534 me]
1114 4465 1237 4532 perbene
1252 4465 1365 4534 Scta'e'ta,
1384 4466 1490 4536 optime

200 4537 366 4605 Laertiade,
383 4538 527 4606 praeclare
548 4539 646 4604 Klete,
665 4554 752 4607 nuper
771 4536 876 4605 optime
896 4535 1005 4588 Krousa
1025 4535 1097 4602 (Ἢν.
1114 4535 1169 4590 θέο.
1183 4538 1236 4605 ιμ’
1254 4555 1284 4606 μ.
1300 4539 1370 4606 32)1
1392 4544 1438 4591 20.
1458 4553 1490 4591 ex

199 4607 243 4660 his
262 4612 325 4662 itera
348 4617 512 4678 cor-reprom.
551 4608 660 4661 eximiis
680 4610 767 4662 Κίοιο
789 4615 814 4661 ct
838 4607 961 4672 Krousa,
989 4604 1024 4657 iis
1049 4606 1164 4661 Ernesti
1186 4610 1196 4676 ΙΙ
1217 4608 1356 4679 feceram}
1381 4608 1490 4663 feceras

199 4679 325 4749 llladvip,
343 4687 412 4734 recte
430 4688 462 4734 ut
479 4682 533 4735 vid.
567 4683 602 4749 ef.
623 4688 712 4734 tamea
734 4679 884 4732 ll'iclarrdii
903 4678 999 4730 transl.
1019 4678 1028 4744 l
1049 4681 1092 4731 21.
1111 4677 1246 4733 libertum
1266 4678 1342 4748 HD,
1368 4679 1491 4734 liberum

200 4749 237 4851 Μ
247 4751 312 4870 ll‘pl.
332 4749 419 4871 etianp
434 4751 507 4873 ppihi
522 4752 631 4820 111125.
652 4751 726 4819 quod
742 4749 810 4816 HD,
830 4765 907 4816 quos,
927 4765 940 4800 s
955 4765 973 4802 o
986 4765 1021 4803 m.
1038 4753 1051 4800 1
1072 4765 1106 4804 en
1120 4767 1141 4818 c,
1161 4757 1193 4805 at
1206 4752 1274 4818 eid,
1291 4751 1332 4804 Μ
1347 4754 1418 4820 (quo
1435 4753 1474 4819 P)
1484 4754 1493 4824 ,ξ

200 4825 242 4871 27.
263 4835 359 4886 raquo
380 4838 405 4873 a<
1208 4835 1211 4841 ’
