3314 5460
207 366 273 430 340
661 368 698 423 M.
718 366 823 422 TVLLI
843 366 1031 423 CICERONIS

206 536 238 596 te
262 537 296 596 et
319 532 477 614 hortarer,
501 535 537 596 ut
560 553 673 596 eorum
696 531 836 597 fortunis
861 534 1055 619 consuleres,
1078 535 1271 618 praesertim
1290 557 1364 601 curn
1383 557 1487 620 prope

206 639 413 723 praecipuam
448 660 579 703 eausam
615 638 773 703 haberent
806 639 846 703 ad
878 640 928 704 ius
961 640 1186 724 optinendum:
1222 642 1365 726 primum
1399 643 1488 726 quod

206 744 333 810 Sullani
347 746 505 829 temporis
520 745 731 810 acerbitatem
746 746 879 810 deorum
894 747 1128 811 immortalium
1143 748 1347 834 benignitate
1360 753 1487 833 supter·

205 854 370 939 fugerunt,
394 853 509 917 deinde
532 852 618 936 quod
643 874 770 917 summo
794 853 902 917 studio
925 876 956 937 p.
977 853 1017 917 R.
1040 877 1059 918 a
1082 877 1133 918 me
1158 855 1190 918 in
1215 857 1388 921 consulatu
1411 879 1486 921 meo

170 961 328 1026 adefonsi
353 966 442 1026 suut:
466 982 539 1026 cum
564 959 687 1023 tribuni
711 960 799 1043 plebi
818 960 925 1046 legem
944 959 1182 1044 iniquissimam
1201 963 1240 1028 de
1259 984 1372 1028 eorum
1394 965 1486 1050 agris
1515 987 1528 1025 a

204 1069 511 1154 promulgavissent,
534 1066 629 1131 facile
653 1067 780 1130 senatui
803 1067 989 1152 populoque
1014 1068 1051 1132 a.
1075 1070 1230 1154 persuasi,
1253 1076 1291 1135 ut
1310 1093 1365 1136 eos
1393 1071 1486 1154 civia,

205 1176 323 1261 quibus
342 1176 474 1239 fortuna
493 1174 699 1257 pepercisset,
719 1173 825 1238 salvos
845 1196 915 1238 esse
934 1174 1063 1240 vellent.
1099 1175 1183 1241 hanc
1199 1175 1361 1242 actionem
1377 1200 1486 1243 meam

205 1280 238 1347 C.
258 1282 378 1348 Caesar
401 1282 506 1365 primo
531 1303 590 1345 suo
615 1280 785 1345 consulatu
809 1281 881 1367 lege
905 1281 1035 1368 agraria
1057 1283 1283 1367 comprobarit
1300 1305 1485 1370 agrumque

203 1390 456 1454 Volaterranum
480 1393 513 1452 et
536 1386 691 1471 oppidum
715 1387 803 1451 omni
827 1389 972 1472 periculo
995 1389 1029 1452 in
1049 1394 1242 1473 perpetuum
1260 1390 1423 1475 liberavit,
1447 1395 1486 1455 ut

203 1497 284 1561 mihi
308 1497 442 1560 dubium
466 1495 612 1579 nonsit,
640 1495 718 1579 quin
746 1495 788 1579 is,
819 1496 875 1579 qui
903 1517 1003 1560 novas
1031 1496 1286 1562 necessitudines
1314 1498 1485 1584 adiungat,
1501 1524 1526 1562 ro

203 1610 312 1668 vetera
331 1626 389 1667 sua
407 1601 565 1666 beneficia
584 1601 768 1666 conservari
785 1601 874 1666 velit.
908 1603 1121 1687 quamobrem
1135 1609 1186 1668 eat
1200 1609 1275 1670 tuae
1289 1605 1485 1690 prudentiae

202 1716 259 1775 aut
283 1710 374 1794 sequi
398 1709 467 1773 eius
492 1706 735 1792 auctoritatem,
765 1709 855 1773 cuius
880 1713 1002 1775 sectam
1026 1714 1124 1793 atque
1152 1710 1324 1794 imperium
1353 1690 1486 1776 summa

202 1841 275 1884 cum
295 1824 353 1882 tua
371 1816 531 1902 dignitate
551 1820 682 1880 secutus
701 1838 745 1901 es,
768 1821 825 1880 aut
844 1821 932 1881 certe
950 1815 999 1880 illi
1019 1815 1180 1903 integram
1199 1839 1328 1882 omnem
1349 1839 1485 1883 cansam

201 1947 380 2009 reservare,
406 1922 487 1988 illud
511 1943 587 1986 vero
611 1921 760 1987 dubitare
783 1945 849 1988 non
873 1923 984 2008 debes,
1009 1923 1087 2007 quin
1109 1929 1178 1989 tam
1202 1946 1314 2011 grave,
1337 1929 1408 1989 tam
1432 1927 1485 1990 fir·

201 2056 299 2117 mum,
323 2037 392 2097 tam
414 2030 588 2095 honestum
612 2030 824 2115 municipium
848 2031 911 2096 tibi
935 2036 992 2096 tuo
1019 2053 1147 2096 summo
1171 2032 1328 2097 beneficio
1355 2031 1392 2097 in
1415 2055 1489 2117 per·
1503 2060 1529 2099 15

165 2152 180 2197 3
200 2146 336 2225 petuum
356 2138 496 2222 obligari
516 2137 606 2201 velia.
644 2141 694 2201 set
707 2137 796 2223 haee,
815 2159 896 2223 quae
912 2160 1010 2222 snpra
1024 2137 1146 2222 scripta
1161 2143 1246 2224 sunt,
1265 2160 1302 2204 eo
1322 2144 1488 2224 spectant,

201 2253 239 2312 ut
262 2252 294 2311 te
314 2247 426 2311 horter
445 2250 479 2309 et
498 2245 664 2309 suadeam:
689 2244 815 2328 reliqua
833 2250 920 2330 sunt,
944 2268 1026 2329 quae
1045 2245 1211 2329 pertinent
1229 2246 1270 2310 ad
1291 2247 1487 2332 rogandum,

200 2359 325 2418 utnon
349 2352 455 2417 solum
480 2357 537 2414 tua
560 2372 658 2415 causa
681 2351 742 2414 tibi
767 2352 939 2416 consilium
969 2375 1020 2416 me
1048 2351 1123 2416 dare
1151 2357 1260 2436 putes,
1289 2353 1345 2417 sed
1373 2354 1487 2439 etiarn,

201 2460 285 2544 quod
311 2458 390 2523 milri
416 2480 497 2542 opus
522 2457 575 2541 sit,
598 2479 649 2522 me
674 2480 693 2520 a
715 2461 748 2521 te
771 2463 882 2542 petere
906 2464 939 2524 et
963 2481 1088 2544 rogare.
1130 2459 1486 2554 gratissimum-igitur

200 2565 281 2631 mihi
304 2565 434 2648 feceris,
463 2565 490 2629 si
515 2564 749 2630 Volaterranos
774 2565 925 2630 omnibus
949 2565 1045 2630 rebus
1069 2566 1216 2651 integros
1244 2566 1485 2654 incolumisque
1499 2595 1527 2634 eo

199 2696 270 2738 esse
294 2672 448 2738 volueris:
472 2693 584 2735 eorum
608 2693 669 2757 ego
694 2671 860 2737 domicilia
883 2672 992 2758 sedes,
1015 2695 1085 2737 rem
1106 2671 1271 2757 fortunas,
1297 2695 1382 2758 quae
1407 2679 1443 2739 et
1466 2699 1486 2740 a

199 2781 261 2845 diis
281 2779 522 2844 immortalibus
542 2783 575 2842 91
594 2801 614 2842 a
632 2779 923 2863 praestantissimis
937 2780 971 2843 in
985 2784 1099 2844 nostra
1112 2801 1146 2843 re
1160 2802 1191 2865 p.
1206 2779 1332 2845 civibus
1351 2804 1485 2848 summo

199 2892 330 2953 serratus
354 2886 530 2972 populique
555 2885 593 2948 R.
616 2884 725 2950 studio
750 2890 958 2950 conservatae
987 2890 1078 2971 sunt,
1111 2890 1186 2950 tuae
1214 2885 1302 2971 fidei,
1332 2886 1484 2954 iustitiae

163 3010 178 3056 1
199 2993 404 3076 bonitatique
425 2991 623 3057 commendo.
660 2992 688 3055 si
707 3013 766 3077 pro
787 2992 867 3056 meis
886 2990 1034 3076 pristinis
1053 2992 1170 3077 opibus
1189 2992 1382 3058 facultatem
1400 2994 1484 3059 mihi

198 3124 249 3166 res
273 3100 335 3164 hoc
353 3104 500 3185 tempore
519 3099 621 3183 daret,
644 3102 680 3163 ut
699 3098 748 3162 ita
766 3098 936 3164 defendere
955 3121 1086 3183 possem
1107 3098 1351 3186 Volaterranos,
1371 3125 1484 3186 quem·
1498 3129 1525 3168 aa

198 3208 371 3274 admodum
400 3205 550 3271 consuevi
585 3205 670 3268 tueri
701 3227 805 3288 meos,
836 3205 963 3269 nullum
992 3206 1149 3291 officium,
1181 3205 1308 3271 nullum
1341 3208 1483 3293 denique

198 3320 372 3398 certamen,
395 3315 429 3377 in
454 3335 517 3397 quo
542 3312 608 3375 illis
631 3313 784 3396 prodesse
807 3334 947 3397 possem,
970 3314 1279 3398 praetermitterem
1308 3314 1380 3399 sed,
1406 3338 1483 3400 quo·

196 3425 285 3488 nium
309 3422 395 3505 apud
419 3425 451 3484 te
475 3419 577 3483 nihilo
602 3421 709 3484 minus
732 3420 794 3485 hoc
818 3424 966 3503 tempore
994 3421 1101 3485 valere
1130 3443 1181 3485 me
1209 3421 1349 3500 confido,
1383 3445 1483 3508 quam

197 3529 354 3597 valuerim
388 3549 515 3610 semper
547 3528 632 3611 apud
665 3548 791 3611 omnes,
828 3549 887 3611 pro
925 3532 1040 3591 nostra
1076 3549 1204 3592 summa
1240 3529 1483 3596 necessitudine

196 3639 330 3725 parique
364 3636 449 3700 inter
481 3656 540 3698 nos
568 3638 602 3698 91
629 3639 743 3698 mutua
773 3632 996 3698 benivolentia
1028 3655 1086 3717 aps
1115 3639 1147 3698 te
1175 3638 1266 3718 peto,
1298 3637 1336 3699 nt
1365 3635 1416 3700 ita
1443 3636 1521 3704 den

198 3741 422 3811 Volaterranis
446 3762 606 3825 mereare,
628 3745 666 3805 ut
690 3739 877 3805 existiment
901 3762 974 3803 eum
998 3741 1092 3823 quasi
1116 3738 1226 3805 divino
1255 3739 1397 3807 consilio
1425 3743 1481 3807 isti

197 3851 329 3937 nogotio
354 3847 577 3933 praepositum
601 3870 685 3931 esse,
716 3846 801 3932 apud
830 3869 927 3929 quem
955 3868 1054 3911 unum
1083 3869 1157 3931 nos,
1185 3869 1299 3912 eorum
1326 3849 1480 3934 perpetui

196 3959 389 4039 defensores,
412 3955 589 4040 plurimum
613 3955 719 4018 valere
743 3975 921 4037 possemus.

270 4084 388 4091 .—-—-

285 4158 307 4204 11.
334 4147 437 4219 syllaui
460 4149 535 4214 Ml),
565 4147 684 4216 scyllani
707 4146 739 4200 Il
764 4150 774 4215 11
801 4152 825 4198 4.
850 4163 876 4214 p.
895 4147 939 4216 lt]
964 4146 1121 4218 (senatus)
1141 4145 1337 4217 populi<que>
1356 4147 1480 4202 Romani

198 4227 223 4281 lr'
230 4226 292 4296 lepre
310 4224 351 4291 (p,
367 4224 474 4290 491115,
494 4219 602 4273 defensi
620 4238 654 4273 ea
669 4217 796 4272 defendsi
811 4219 856 4270 111Ι
871 4220 880 4286 11
894 4218 968 4288 cum]
988 4235 1052 4271 cum
1070 4217 1188 4342 <enimp
1207 4218 1357 4286 Victoriae,
1377 4220 1479 4292 (qui),

194 4314 256 4353 111111
282 4294 440 4361 ll'eacnbcrp
463 4296 471 4357 11
499 4296 523 4345 8.
542 4290 633 4359 primo
654 4290 700 4357 M,
724 4307 775 4343 orn.
795 4288 856 4342 HD
873 4290 882 4357 11
900 4288 991 4358 legem
1011 4288 1124 4359 agraria
1142 4290 1188 4355 ll,
1216 4288 1310 4358 legem
1333 4290 1479 4360 agrariam

198 4368 254 4425 111)
268 4368 277 4437 11
292 4372 315 4419 9.
332 4363 535 4418 uolaterrarum
550 4362 633 4430 111111
648 4368 689 4416 15.
705 4364 753 4414 tuo
768 4362 809 4428 M,
825 4359 947 4414 9111111)
960 4362 969 4429 1
984 4366 1025 4414 11,
1039 4366 1079 4415 lo.
1092 4361 1123 4414 in
1135 4361 1313 4430 pertuan
1322 4364 1332 4430 11
1349 4367 1392 4417 16.
1407 4361 1480 4416 uelis

193 4445 236 4495 ant.
255 4438 296 4503 Ilf,
317 4435 432 4488 uclissct
451 4434 489 4501 II,
510 4433 646 4487 uoluisset
664 4434 694 4486 D
716 4436 725 4500 11
750 4438 790 4486 11.
811 4435 843 4484 ut
860 4431 900 4501 te]
924 4433 1004 4484 utet
1023 4433 1123 4487 Baiter
1143 4434 1153 4502 1
1175 4434 1205 4486 91
1223 4431 1320 4505 (ribi)
1341 4433 1480 4488 suadeam

197 4511 347 4569 lumbicus
365 4510 374 4575 11
396 4512 437 4560 21.
458 4504 538 4559 aedes
558 4520 616 4558 rem
634 4506 676 4565 M.
696 4503 720 4556 si
740 4504 894 4557 desererem
915 4502 976 4556 HD
998 4505 1007 4571 11
1030 4510 1072 4558 21.
1093 4509 1134 4557 22.
1154 4520 1227 4572 qnae
1246 4505 1276 4557 et
1295 4520 1312 4556 a
1331 4503 1390 4559 diis
1410 4506 1479 4574 HD,

192 4580 277 4639 clidis
299 4580 353 4647 11111
368 4583 408 4632 2⁸3.
430 4576 538 4632 civibus
558 4595 607 4631 om.
628 4577 689 4630 HD
702 4578 711 4643 11
730 4581 772 4629 ‘2:3.
792 4575 858 4627 dare
878 4574 915 4627 M
932 4575 941 4642 1
964 4579 1007 4629 29,
1027 4576 1103 4644 apud
1120 4575 1251 4648 (bonos)
1271 4592 1372 4631 omnes
1394 4577 1481 4632 Orelli
