3286 5460
207 382 250 445 22
661 382 699 437 M.
718 381 824 436 TVLLI
843 379 1032 437 CICERONIS

207 546 275 610 deri
298 566 394 629 posse
417 544 586 629 diffideret,
610 544 684 630 cogi
707 544 757 609 fas
780 566 940 610 essenon
963 544 1192 609 arbitraretur:
1215 566 1289 610 mea
1312 545 1399 612 ratio
1423 545 1486 612 fuit

209 652 286 735 alia,
320 652 405 734 quod
436 673 554 735 neque,
573 651 751 735 desipiente
778 652 900 736 populo
927 673 986 716 neo
1016 651 1145 737 integra
1172 674 1207 717 re
1234 651 1316 716 mibi
1344 653 1386 717 ad
1414 675 1487 718 con·

170 836 174 842 .
210 758 379 822 solendum
386 809 394 840 ,
432 779 673 841 capesseremne
706 780 774 822 rem
806 757 988 842 publicam,
1024 757 1210 842 implicatus
1243 758 1394 843 tenebar,
1432 760 1488 824 sed

209 865 350 929 laetatus
383 869 492 929 tamen
524 887 610 947 sum,
643 865 729 948 quod
757 864 838 928 mihi
870 863 983 929 liceret
1011 864 1047 928 in
1075 864 1187 929 eadem
1219 886 1318 929 causa
1344 870 1379 929 et
1406 865 1488 930 mibi

210 972 305 1036 utilia
327 976 361 1036 et
384 971 486 1037 cuivis
510 972 597 1036 bono
620 975 710 1037 recta
738 971 920 1055 defendere3
947 970 1010 1035 huc
1038 971 1176 1036 accessit
1204 973 1490 1037 commemoranda
1514 995 1526 1033 ι

93 1090 106 1111 ·
211 1079 366 1162 quaedam
397 1081 431 1142 et
458 1077 568 1142 divina
595 1075 744 1142 Caesaris
774 1077 808 1142 in
835 1099 886 1142 me
919 1077 1119 1161 fratremque
1152 1099 1260 1142 meum
1291 1077 1491 1143 liberalitas:

211 1185 265 1268 qui
299 1184 394 1268 mihi,
427 1206 635 1268 quascunque
663 1206 715 1248 res
745 1188 884 1270 gereret,
916 1183 1055 1249 tuendus
1088 1187 1191 1268 esset,
1220 1204 1307 1248 nuno
1332 1184 1368 1247 in
1396 1188 1493 1249 tanta

191 1291 367 1357 'felicitate
396 1290 560 1373 tantisque
591 1291 751 1373 victoriis,
781 1291 910 1355 etiamsi
934 1292 969 1354 in
995 1310 1055 1354 nos
1078 1312 1143 1355 non
1167 1290 1194 1354 is
1219 1295 1318 1374 esset,
1347 1290 1403 1375 qui
1433 1295 1495 1374 est,

211 1402 321 1462 tamen
352 1398 514 1462 ornandus
547 1397 724 1482 videretur,
756 1396 802 1462 sio
830 1397 917 1461 enim
944 1400 977 1461 te
1005 1396 1192 1462 existimare
1223 1396 1337 1482 velim,
1369 1419 1446 1462 oum
1475 1422 1495 1463 a

212 1504 320 1586 vobis,
351 1525 440 1569 meae
470 1503 585 1568 salutis
614 1504 816 1587 auctoribus,
846 1503 1064 1588 discesserim,
1094 1504 1257 1568 neminem
1283 1523 1369 1588 esse,
1398 1505 1495 1569 cuius
1508 1528 1536 1569 ro

214 1609 331 1675 officiis
364 1632 415 1675 me
444 1614 514 1674 tam
541 1632 611 1675 esse
645 1611 831 1675 devinctum
862 1632 928 1675 non
961 1609 1067 1674 solum
1100 1610 1270 1694 confitear,
1302 1610 1359 1674 sed
1391 1609 1496 1675 etiam

163 1737 194 1785 ro
215 1718 382 1803 gaudeam.
430 1718 516 1801 quod
540 1718 693 1801 quoniam
717 1717 779 1781 tibi
802 1717 951 1802 exposui,
980 1716 1089 1781 facilia
1113 1720 1190 1781 sunt
1212 1739 1263 1800 ea,
1291 1738 1375 1800 quae
1397 1738 1418 1780 a
1443 1739 1498 1782 me

105 1890 108 1897 ,
214 1825 252 1888 de
281 1823 416 1888 Vatinio
450 1828 483 1888 et
516 1824 554 1887 de
583 1823 701 1889 Crasso
730 1822 883 1906 requiris;
915 1844 1005 1907 nam,
1039 1824 1077 1888 de
1105 1822 1213 1909 Appio
1247 1825 1333 1907 quod
1366 1824 1499 1911 scribis,

214 1931 311 1996 sicuti
335 1932 373 1996 de
397 1929 552 2013 Caesare,
575 1935 607 1994 te
630 1952 695 1995 non
719 1930 966 2014 reprehendere,
990 1931 1115 2016 gaudeo
1139 1930 1202 1995 tibi
1225 1931 1398 1996 consilium
1420 1954 1498 2016 pro

215 2037 285 2101 bari
319 2060 435 2129 meum.
480 2037 519 2101 de
547 2035 682 2101 Vatinio
716 2041 838 2121 autem,
870 2036 1012 2120 primum
1045 2036 1169 2102 reditus
1201 2037 1433 2103 intercesserat
1461 2039 1498 2103 in
1512 2062 1539 2103 rs

216 2144 355 2229 gratiam
370 2166 428 2227 per
442 2142 642 2228 Pompeium,
662 2143 775 2208 statim
793 2147 831 2207 ut
849 2143 904 2208 ille
923 2147 1055 2228 praetor
1073 2148 1124 2208 est
1137 2143 1253 2227 factus,
1274 2165 1347 2209 cum
1362 2144 1499 2228 quidem

217 2271 277 2335 ego
302 2250 371 2315 eius
393 2250 587 2334 petitionem
610 2250 813 2335 gravissimis
840 2251 876 2314 in
905 2246 1020 2315 senatu
1044 2250 1216 2315 sententiis
1244 2270 1499 2336 oppugnassem,

216 2380 320 2442 neque
353 2361 422 2421 tam
448 2356 537 2421 illius
570 2356 717 2422 laedendi
745 2378 843 2421 causa
876 2377 974 2439 quam
1006 2355 1196 2421 defendendi
1227 2360 1325 2440 atque
1355 2357 1500 2423 ornandi

217 2464 365 2548 Catonis,
389 2468 464 2549 post
487 2469 597 2529 autem
621 2462 780 2546 Caesaris,
803 2467 842 2527 ut
864 2462 957 2527 illum
980 2462 1197 2547 defenderem,
1220 2462 1303 2528 mira
1326 2465 1501 2531 contentio

217 2577 269 2637 est
292 2576 473 2638 consecuta.
511 2593 569 2636 cur
592 2575 702 2635 autem
725 2570 895 2653 laudarim,
917 2574 994 2653 peto
1019 2593 1038 2634 a
1061 2574 1103 2655 te,
1125 2574 1163 2634 ut
1184 2568 1218 2633 id
1241 2591 1260 2633 a
1283 2590 1335 2634 me
1356 2591 1439 2635 neve
1464 2571 1542 2637 inro

216 2681 280 2744 hoo
308 2701 363 2744 reo
394 2701 474 2744 neve
501 2679 536 2742 in
564 2678 637 2743 aliis
665 2679 828 2762 requiras,
859 2700 900 2741 ne
928 2676 990 2741 tibi
1017 2699 1078 2763 ego
1106 2677 1192 2742 idem
1220 2697 1389 2761 reponam,
1422 2699 1501 2743 cum

218 2786 345 2850 veneris
370 2822 409 2832 -
435 2785 566 2850 tametsi
590 2807 724 2869 possum
746 2785 796 2850 vel
821 2784 959 2869 apsenti,
981 2785 1150 2850 recordare
1170 2783 1265 2867 enim,
1288 2782 1407 2867 quibus
1430 2784 1503 2850 lau·

219 2891 384 2956 dationem
407 2915 446 2956 ex
469 2890 595 2955 ultimis
619 2892 715 2956 terris
739 2891 881 2976 miseris3
903 2913 963 2956 nec
985 2891 1048 2956 hoc
1071 2889 1290 2975 pertimueris,
1312 2912 1388 2955 nam
1406 2911 1427 2953 a
1446 2913 1502 2957 me

220 2999 291 3082 ipso
310 2998 485 3062 laudantur
503 3001 535 3061 et
553 2996 772 3062 laudabuntur
789 2998 876 3062 idem
891 3023 947 3083 -3
970 2997 1026 3062 sed
1042 3001 1153 3062 tamen
1167 2995 1356 3061 defendendi
1370 2994 1502 3062 Vatinii

220 3104 283 3168 fuit
307 3104 405 3168 etiam
429 3103 483 3166 ille
507 3103 669 3187 stimulus,
691 3103 813 3187 dequo
837 3102 871 3167 in
893 3103 1023 3184 iudicio,
1047 3125 1146 3187 quom
1170 3103 1265 3167 illum
1284 3102 1502 3187 defenderem,
1517 3128 1544 3169 re

221 3211 287 3275 dixi
307 3232 357 3275 me
376 3209 482 3275 facere
502 3209 665 3294 quiddam,
684 3210 770 3293 quod
788 3208 823 3273 in
838 3207 1021 3274 ‘Eunucho’
1038 3209 1201 3293 parasitus
1221 3209 1371 3275 suaderet
1386 3209 1503 3276 militi:

456 3351 513 3415 ubi
535 3351 718 3416 nominabit
742 3351 948 3435 Phaedriam,
971 3355 1009 3415 tu
1032 3329 1239 3436 Pamphilam

456 3457 624 3542 continuo,
648 3457 676 3522 si
700 3458 827 3542 quando
852 3458 909 3522 illa
932 3458 1017 3523 dicet
1041 3455 1246 3522 ‘Phaedriam

456 3565 544 3629 intro
567 3565 736 3629 mittamus
760 3563 974 3649 comisatum’,
996 3562 1202 3649 Pamphilam

222 3693 240 3699 -.
252 3691 432 3699 ——-.—-

222 3760 349 3825 uoluisse,
376 3759 422 3813 sed
444 3767 559 3828 propter
581 3759 721 3813 bominum
744 3759 948 3828 perscrutatore
971 3759 1012 3812 bis
1034 3757 1167 3812 &stiriam
1194 3759 1286 3827 itaque
1308 3774 1364 3812 rem
1385 3760 1418 3811 ia
1436 3773 1504 3825 per-

219 3837 334 3900 petuum
356 3832 481 3885 mutuae.
501 3831 583 3885 coba
605 3831 692 3900 ipitwr
711 3826 1001 3898 cumque-vidisset
1026 3829 1064 3883 ad
1081 3845 1114 3883 eo
1178 3834 1254 3883 ctam
1277 3845 1346 3898 qaae
1364 3829 1449 3883 Plato
1470 3830 1506 3884 iu

223 3901 409 3955 aeramentis
427 3901 468 3955 bis
486 3907 612 3970 reperim
631 3907 680 3968 est,
704 3907 801 3956 contro
820 3917 883 3954 cum
900 3898 1103 3969 persuaderi-
1119 3916 1152 3952 ar
1171 3897 1304 3953 itraretur
1322 3900 1361 3954 ud
1377 3916 1505 3954 normam

224 3989 305 4042 qrcom
320 3972 499 4040 philosophus
517 3973 686 4040 reperienda
704 3974 813 4027 edoctae
827 3979 923 4042 postea
940 3978 1047 4026 secutus
1065 3977 1103 4025 est

313 4049 336 4096 1.
355 4057 437 4110 posse
456 4059 506 4096 om.
521 4042 549 4096 R
562 4044 572 4110 l
585 4048 610 4096 2.
629 4042 732 4111 populo
751 4060 785 4098 ec
802 4041 902 4113 poculo
918 4044 955 4096 M
956 4050 968 4077 ⁰
981 4045 990 4111 ΙΙ
1004 4046 1028 4096 ὁ.
1049 4039 1138 4094 cuiuis
1152 4041 1226 4096 bono
1241 4041 1318 4095 recta
1332 4041 1374 4107 M,
1392 4039 1505 4095 ciuibus

224 4113 294 4166 bene
317 4114 396 4166 recta
416 4112 453 4176 G.
478 4111 582 4166 ciuium
605 4112 678 4167 bono
697 4113 770 4168 retia
788 4115 843 4179 ΒΙΙ
867 4120 891 4168 7.
910 4114 1021 4183 gereret
1038 4113 1101 4178 M0,
1126 4114 1206 4182 geret
1224 4111 1284 4179 M¹,
1307 4110 1392 4165 iniret
1410 4112 1449 4178 G,
1473 4110 1506 4166 in

225 4184 267 4237 ira
285 4184 313 4238 R
328 4187 374 4252 119.
395 4181 436 4237 sic
454 4185 512 4250 Mf,
531 4183 555 4237 si
569 4185 596 4237 a
610 4186 619 4253 ΙΙ
634 4191 674 4239 10.
695 4183 870 4239 discesserim
890 4186 951 4240 MR
969 4183 1024 4253 (dis
1043 4200 1077 4238 ex
1096 4181 1125 4235 di
1142 4183 1204 4250 ΕΙ),
1223 4182 1360 4237 discerem
1379 4183 1405 4236 G
1418 4185 1428 4251 Ι
1441 4197 1507 4237 esso

225 4254 316 4326 cuius]
336 4255 479 4308 essecutus
493 4256 536 4322 M,
555 4259 714 4310 essecutus
730 4257 785 4311 GR
799 4260 808 4325 t
822 4262 863 4310 11.
884 4258 943 4309 tam
958 4257 999 4323 M,
1017 4256 1114 4307 tamen
1129 4254 1184 4308 GR
1197 4258 1207 4319 ΙΙ
1222 4259 1263 4308 13.
1278 4253 1313 4307 de
1327 4269 1422 4307 crasso
1432 4253 1507 4322 MR,

226 4343 319 4380 crasso
331 4327 357 4380 G
370 4329 380 4395 ΙΙ
395 4331 435 4380 17.
450 4325 616 4395 petitionem
631 4345 664 4381 ex
683 4344 730 4382 -ue
740 4328 791 4381 Μο
803 4331 813 4394 11
827 4333 869 4382 22.
883 4325 989 4397 possim
999 4326 1027 4380 R
1041 4328 1050 4394 ss
1064 4330 1106 4378 24.
1117 4323 1202 4378 iidem
1214 4341 1230 4382 ς
1244 4327 1253 4394 ΙΙ
1267 4322 1436 4378 defendendi
1445 4323 1505 4378 Va·

226 4396 329 4450 tiuii-
332 4415 361 4466 p.
372 4401 442 4465 23,3
457 4397 585 4451 mordeat
599 4399 764 4464 adferuntur
778 4400 813 4453 ab
826 4399 933 4453 Ioanne
951 4399 983 4452 de
998 4397 1176 4451 dlouetcrolio
1194 4413 1238 4464 ap.
1254 4395 1289 4450 A.
1308 4395 1441 4449 Ttomom
1458 4395 1508 4449 ‘de

227 4469 250 4521 I.
266 4470 292 4520 d.
308 4468 348 4520 M.
373 4471 431 4523 cito
450 4475 475 4523 et
492 4470 629 4538 operibus’
654 4470 718 4524 dias.
738 4470 829 4524 Paris.
851 4474 919 4522 1883
935 4487 964 4537 p.
981 4473 1030 4521 107
1037 4509 1045 4534 ,
1069 4485 1092 4521 u.
1147 4468 1198 4533 oef.
1217 4468 1227 4533 l
1250 4464 1420 4520 defendendi
1439 4465 1508 4533 GR,

228 4536 340 4590 defendi
359 4540 396 4591 M
406 4543 415 4607 l
429 4543 470 4594 25.
491 4539 587 4610 quom]
606 4557 691 4608 quam
710 4541 780 4608 Mu,
799 4540 911 4609 quando
930 4540 958 4594 R
972 4543 981 4608 ΙΙ
995 4543 1036 4592 26.
1057 4537 1106 4605 qui
1126 4537 1191 4590 dam
1210 4538 1281 4606 MR,
1300 4554 1349 4592 om.
1367 4534 1507 4606 61ρωί-

230 4606 299 4661 situs
314 4609 351 4661 M
365 4611 374 4675 l
392 4615 425 4661 27
446 4627 485 4677 sq.
505 4627 598 4666 cereres
617 4612 688 4677 (Ter.
705 4612 780 4665 Eure.
796 4617 847 4664 440
861 4614 912 4693 sp.)
930 4613 962 4664 ia
976 4613 1003 4663 Ω
1021 4615 1159 4679 tamquam
1177 4611 1266 4663 oratio
1284 4609 1374 4663 solato
1391 4608 1509 4678 seriptill

231 4683 272 4731 27.
288 4679 445 4733 nominabit
463 4681 503 4748 R,
526 4680 685 4735 nominauit
702 4683 763 4736 ΜΘ
782 4685 851 4750 1128.
872 4698 896 4736 sr
919 4681 993 4749 quod
1019 4679 1099 4733 illam
1118 4678 1264 4747 phedriam
1285 4679 1310 4734 G
1328 4679 1337 4744 l]
1356 4683 1398 4733 29.
1418 4677 1506 4731 comi-

229 4750 323 4873 patum
342 4751 378 4802 M
394 4753 578 4817 (comesatum
596 4756 632 4807 M
635 4756 665 4822 ¹),
689 4750 870 4806 comissatum
888 4753 925 4820 R,
945 4754 1131 4806 comessatum
1151 4751 1177 4805 G
1191 4754 1200 4819 t
1213 4747 1388 4820 pamphilam
1407 4748 1510 4817 ΜΘΗ,

241 4838 260 4873 u
278 4837 305 4888 p.
325 4835 341 4877 ς
