3286 5460
497 393 752 448 EPISTVLARVM
771 395 842 450 XIII.
863 401 904 450 60.
925 402 966 451 51.
987 402 1028 450 62.
1049 400 1091 450 63.
1111 403 1153 451 54.
1173 401 1215 450 55.
1433 399 1496 462 371

221 557 333 639 ponto,
351 555 502 641 primum,
525 561 562 621 ut
586 557 733 641 optineat
751 558 785 622 id
802 558 883 622 iuris
901 558 935 622 in
955 558 1053 642 agris,
1072 558 1157 642 quod
1172 559 1204 623 ei
1223 558 1363 625 Pariana
1383 561 1497 626 civitas

220 660 364 725 decrevit
394 666 428 726 et
455 661 543 726 dedit
571 666 605 727 et
632 664 719 747 quod
750 685 876 747 semper
905 663 1048 747 optinuit
1076 665 1145 730 sine
1174 666 1241 730 ulla
1269 667 1498 751 controversia,

221 766 349 850 deinde,
377 767 405 832 si
429 769 506 852 quid
529 769 665 834 habebit
689 791 762 834 cum
791 769 900 853 aliquo
928 769 1154 854 Hellespontio
1181 774 1433 859 controversiae,
1460 779 1498 838 ut

219 873 256 938 in
278 872 370 938 illam
399 874 563 958 διοίκησιν
592 875 716 940 reicias.
762 877 818 940 sed
844 898 911 941 non
937 877 1017 940 mihi
1046 877 1171 962 videor,
1199 901 1272 943 cum
1299 879 1362 943 tibi
1389 884 1497 945 totum

167 998 201 1037 5
219 978 386 1045 hominem
409 981 661 1066 diligentissime.
686 983 951 1067 commendarim,
981 984 1127 1070 singulas
1156 984 1196 1049 ad
1224 989 1256 1049 te
1285 986 1353 1050 eius
1382 1008 1495 1052 causas

219 1087 421 1186 perscribere
444 1086 569 1152 debere.
606 1111 732 1154 summa
750 1090 856 1154 illast:
880 1089 1034 1175 quidquid
1055 1090 1163 1177 officii,
1186 1092 1343 1176 beneficii,
1362 1093 1495 1158 honoris

219 1193 255 1257 in
277 1192 482 1260 Genucilium
507 1196 697 1281 contuleris,
724 1195 758 1261 id
780 1201 813 1260 te
837 1197 1030 1262 existimabo
1059 1198 1094 1262 in
1122 1220 1173 1264 me
1200 1199 1308 1284 ipsum
1336 1203 1433 1284 atque
1461 1201 1496 1265 in

219 1321 289 1365 rcm
312 1323 419 1367 meam
442 1300 626 1367 contulisse.
698 1326 701 1332 ·
1324 1322 1330 1331 ·

747 1427 832 1493 aru
865 1424 968 1515 (121.)

149 1585 205 1625 ιο
558 1567 718 1636 crosno
743 1531 927 1636 ansano
953 1570 1105 1636 paona.
1130 1571 1161 1638 s.

310 1708 392 1779 (lum
415 1711 519 1776 multa
541 1712 621 1776 mihi
645 1716 741 1798 grata
764 1718 852 1797 sunt,
883 1736 964 1798 quae
989 1718 1025 1778 tu
1049 1715 1206 1780 adductus
1234 1738 1307 1780 mea
1334 1738 1494 1782 commen-

218 1818 350 1883 datione
382 1817 504 1902 fecisti,
536 1822 606 1883 tum
635 1819 669 1883 in
698 1819 825 1904 primis,
857 1820 943 1903 quod
971 1819 1014 1886 ta
1037 1820 1235 1906 Marcilium,
1268 1822 1363 1888 amici
1395 1829 1493 1908 atque

218 1923 408 2010 interpretis
423 1925 486 1991 mei
502 1924 616 2009 filium,
634 1923 862 1990 liberalissime
881 1926 1078 2012 tractavisti,
1096 1926 1186 1991 venit
1200 1929 1286 1993 enim
1300 1928 1493 1996 Laodiceam

218 2036 252 2097 et
275 2030 336 2096 tibi
360 2033 445 2116 apud
469 2053 521 2096 me
544 2030 687 2116 mihique
710 2037 844 2117 propter
871 2038 904 2097 te
927 2034 1052 2118 gratias
1081 2034 1238 2099 maximas
1266 2036 1342 2120 egit.
1385 2060 1493 2123 quare,

151 2150 202 2193 1⁵
216 2139 303 2222 quod
326 2137 463 2202 relicum
485 2142 550 2222 est,
574 2159 594 2201 a
616 2142 648 2202 te
671 2142 762 2222 peto,
786 2139 940 2223 quoniam
956 2139 1054 2223 'apud
1081 2144 1194 2226 gratos
1223 2140 1371 2207 homines
1400 2144 1494 2209 bene-

214 2243 326 2309 ficium
348 2243 458 2328 ponis,
489 2248 586 2309 uteo
610 2245 766 2309 libentius
791 2245 837 2309 eis
862 2245 1046 2310 commodes
1071 2269 1266 2331 operamque
1290 2248 1359 2331 des,
1387 2252 1494 2334 quoad

213 2351 294 2416 fides
313 2356 371 2416 tua
389 2351 542 2435 patietur,
565 2355 602 2415 ut
621 2372 733 2415 socrus
752 2351 968 2416 adulescentis
988 2374 1043 2417 rea
1060 2376 1101 2417 ne
1119 2353 1186 2418 fiat.
1224 2374 1286 2439 ego
1306 2377 1379 2419 cum
1398 2360 1494 2420 antea

214 2438 360 2522 studiose
396 2457 664 2522 commendabam
700 2456 898 2542 Marcilium,
936 2462 1006 2523 tum
1043 2459 1147 2524 multo
1183 2482 1269 2525 nunc
1306 2461 1494 2546 studiosius,

214 2563 300 2648 quod
324 2564 358 2628 in
381 2564 482 2649 longa
504 2563 707 2648 apparitione
731 2564 930 2649 singularem
958 2569 992 2630 et
1015 2588 1115 2649 prope
1143 2566 1366 2632 incredibilem
1389 2569 1494 2653 patris

159 2669 355 2736 ²⁰Marcilii
378 2670 485 2754 fidem,
508 2669 742 2754 apstiuentiam
764 2671 1020 2756 modestiamque
1044 2674 1191 2758 cognovi.

753 2899 823 2966 nu.
858 2899 961 2987 (105.)

553 3040 713 3109 cronno
737 3041 921 3107 suanno
946 3041 1101 3108 anona.
1127 3043 1157 3110 s.

305 3184 380 3250 Etsi
399 3184 479 3248 mihi
498 3184 609 3249 videor
628 3183 835 3268 intellexisse,
854 3206 928 3249 cum
945 3191 1053 3251 tecum
1067 3185 1191 3272 Ephesi
1209 3188 1249 3251 de
1268 3210 1302 3252 re
1321 3188 1365 3254 M.
1378 3189 1495 3277 Annei,
1515 3205 1528 3252 1

214 3291 319 3377 legati
343 3291 420 3374 mei,
448 3291 576 3356 loeutus
600 3313 687 3375 sum,
714 3295 747 3355 te
776 3291 878 3375 ipsius
907 3314 1004 3358 causa
1030 3294 1239 3360 vehementer
1267 3297 1376 3361 omnia
1404 3298 1496 3382 velle,

167 3413 199 3454 ’ὁ
214 3401 327 3462 tamen
354 3403 388 3462 et
414 3396 458 3460 Μ.
481 3396 643 3462 Anneium
671 3398 755 3461 tanti
786 3397 885 3482 facio,
917 3403 954 3463 ut
982 3399 1063 3463 mibi
1095 3401 1177 3466 nihil
1210 3406 1322 3486 putem
1355 3409 1496 3487 praeter·

215 3503 420 3587 mittendum,
444 3502 531 3587 quod
552 3502 641 3567 illius
664 3504 803 3588 intersit,
827 3510 860 3568 et
884 3528 935 3570 me
959 3528 979 3569 a
1003 3510 1035 3570 te
1059 3508 1144 3570 tanti
1168 3508 1238 3571 fieri
1260 3513 1350 3593 puto,
1373 3514 1495 3574 utnon

214 3609 377 3694 dubitem,
408 3609 486 3693 quin
510 3610 549 3673 ad
573 3613 664 3673 tuam
686 3610 888 3674 voluntatem
912 3632 1050 3695 magnus
1075 3612 1222 3677 cumulus
1251 3614 1383 3679 accedat
1411 3638 1495 3680 com·

215 3715 433 3780 mandationis
457 3738 561 3799 meae3
584 3738 668 3799 narn,
691 3738 765 3780 cum
788 3716 854 3779 iam
878 3716 933 3780 diu
954 3716 1124 3802 diligerem
1143 3718 1186 3783 M.
1205 3719 1369 3785 Anneium
1391 3722 1494 3806 deque

215 3843 254 3886 eo
279 3823 326 3887 sic
350 3821 577 3906 existimarem,
601 3827 639 3886 ut
662 3844 713 3886 res
736 3822 895 3906 declarat,
920 3823 975 3906 qui
998 3824 1086 3889 ultro
1111 3824 1140 3889 ei
1164 3825 1336 3890 detulerim
1360 3827 1496 3912 legatio·

307 4019 329 4066 1.
350 4011 380 4066 id
394 4012 533 4067 iuris-2.
554 4013 677 4083 optinuit
691 4031 740 4068 om.
757 4014 791 4067 H
800 4015 810 4083 ΙΙ
824 4019 848 4068 2.
869 4014 979 4084 semper
994 4016 1034 4084 Μ,
1054 4034 1103 4072 om.
1119 4019 1171 4085 DI
1186 4024 1209 4072 3.
1230 4018 1436 4089 hellespontino
1448 4021 1497 4090 ΗῖΙ

217 4087 241 4138 6.
260 4082 432 4151 perscribere
452 4084 553 4139 debere
572 4085 645 4152 ΜΗ,
664 4084 836 4154 perscribere
856 4086 885 4138 D
898 4088 907 4153 tt
921 4084 1001 4140 illast
1021 4087 1048 4142 0.
1066 4089 1101 4143 F.
1118 4090 1159 4145 W.
1176 4089 1279 4144 Mattler
1298 4093 1392 4158 (boat.
1411 4091 1494 4146 Tuti.²

212 4171 242 4222 p.
258 4157 313 4223 19),
332 4153 384 4208 illa
403 4154 441 4208 sit
462 4155 612 4223 ²1¹{tofficii
630 4156 672 4218 Μ,
692 4174 740 4210 om.
762 4157 822 4209 HD
836 4159 844 4225 ΙΙ
864 4161 905 4210 1·2.
926 4157 1085 4213 marcilium
1104 4160 1149 4228 M,
1168 4160 1342 4215 marcellium
1362 4162 1404 4230 H,
1423 4179 1496 4216 mar·

217 4223 320 4278 cellum
338 4225 369 4278 D
381 4228 390 4294 ΙΙ
405 4225 501 4296 amici]
521 4226 631 4280 accensi
654 4227 747 4294 Orelli,
765 4229 847 4281 mab:
869 4231 975 4283 occasi
993 4233 1064 4284 enlm
1082 4232 1127 4299 (ef.
1147 4232 1298 4287 Merionen
1318 4233 1351 4287 ‘r.
1367 4233 1494 4289 btaabr!

215 4294 247 4348 1⁸
260 4314 290 4365 p.
307 4299 418 4366 dttsq.)
441 4304 466 4351 et
489 4299 645 4365 interpretis
669 4299 715 4365 (ib.
731 4316 759 4367 p.
775 4300 838 4366 ³68)
862 4316 977 4354 munera
999 4304 1130 4372 corriunpi
1151 4320 1208 4356 tract
1230 4310 1345 4371 possum
1369 4312 1418 4358 cut
1441 4322 1498 4360 noa

214 4367 300 4421 sabat
318 4368 413 4421 saltem
431 4370 440 4437 tt
462 4373 502 4422 15.
521 4368 659 4437 reliquum
679 4368 740 4422 HD
757 4371 766 4437 lt
786 4368 861 4438 apud
879 4373 976 4438 gratos
995 4374 1036 4439 Μ,
1055 4375 1151 4442 gratos
1171 4374 1246 4443 apud
1266 4374 1327 4428 HD
1349 4377 1358 4443 ΙΙ
1382 4380 1423 4429 16.
1444 4375 1497 4448 eis]

217 4436 261 4491 bis
283 4441 323 4506 Ψ,
352 4436 387 4491 iis
414 4439 500 4492 Orelli
526 4443 535 4508 {t
565 4445 605 4493 18.
624 4439 799 4493 marcellium
818 4440 853 4493 Η
875 4442 885 4508 ll
913 4447 954 4496 19.
980 4443 1163 4513 apparatione
1184 4445 1221 4497 M
1244 4448 1253 4515 lt
1281 4450 1323 4499 23.
1350 4445 1384 4499 de
1407 4464 1436 4500 re
1460 4465 1495 4501 m.

217 4561 332 4616 sannen
351 4562 396 4631 n,
418 4562 687 4632 cessasunthis,
708 4563 742 4617 ae
760 4563 797 4618 n.
843 4526 948 4635 sibili,
967 4585 1027 4638 sup.
1046 4585 1095 4622 ser.
1115 4586 1133 4621 a
1150 4586 1183 4621 m.
1201 4573 1228 4636 1,
1248 4569 1278 4622 n
1304 4572 1314 4638 t
1341 4575 1383 4625 rr.
1404 4571 1499 4625 omna

218 4686 268 4739 del.
285 4685 384 4755 Kleyu
402 4686 444 4754 (p.
461 4688 505 4755 52)
518 4690 532 4767 tt
542 4692 583 4739 ab.
604 4704 724 4742 anneum
739 4689 777 4755 H,
798 4653 978 4761 anneiffip.
993 4708 1043 4745 scr.
1058 4710 1076 4743 α
1090 4709 1123 4745 m.
1141 4696 1164 4758 1,
1179 4691 1209 4744 D
1222 4695 1231 4754 ΙΙ
1246 4697 1287 4745 27.
1309 4693 1427 4747 cumulis
1446 4696 1485 4750 Μ
1488 4696 1499 4763 ll

219 4760 260 4809 ⁶27.
282 4760 324 4810 28.
345 4756 588 4811 commendatione
603 4775 666 4812 mea
680 4760 825 4813 Setiaeider
838 4766 847 4824 tt
861 4767 902 4817 ts.
925 4764 960 4816 Μ.
976 4779 1025 4816 ortt.
1042 4761 1085 4815 Η1
1098 4765 1107 4831 ΙΙ
1123 4767 1164 4814 29.
1184 4762 1233 4830 qui
1246 4765 1354 4834 Baiter,
1372 4782 1445 4835 quae
1461 4768 1497 4821 Ψ.

218 4825 292 4898 <ut>
313 4825 362 4892 qui
384 4827 469 4882 Orelli
483 4830 493 4895 tt
507 4827 533 4880 ei
551 4829 592 4895 M,
613 4831 642 4882 et
660 4829 699 4897 Η,
718 4828 805 4883 etiam
823 4830 852 4884 D

1228 4923 1284 4976 24·
