3286 5460
198 368 261 431 118
648 364 685 420 M.
705 365 810 420 TVLLI
829 363 1018 420 CICERONIS

196 554 300 615 neque
320 553 394 596 esse
419 529 644 614 recusandum,
668 551 732 614 quo
755 529 863 594 minus
886 551 936 613 ea,
961 551 1026 613 qua
1047 528 1117 594 nati
1141 551 1264 612 sumus,
1286 529 1476 596 condicione

94 638 96 643 ’
197 638 353 722 vivamus,
377 659 455 702 neve
480 641 548 701 tam
572 637 717 722 graviter
741 658 796 701 eos
820 658 914 701 casus
937 636 1094 721 feramus,
1118 658 1200 720 quos
1222 636 1315 702 nullo
1338 636 1475 702 consilio

198 746 302 810 vitare
326 744 499 829 possimus,
521 743 709 827 eventisque
733 743 872 808 aliorum
896 743 1054 809 memoria
1080 743 1266 828 repetendis
1289 742 1373 807 nihil
1397 743 1476 807 acci-

162 872 178 918 3
198 853 283 917 disse
306 851 383 917 novi
406 850 501 915 nobis
521 849 712 934 cogitemus.
749 871 855 933 neque
872 850 935 915 hae
953 872 1057 936 nsque
1081 854 1207 915 ceterae
1227 848 1477 934 consolationes,

198 981 279 1043 quae
313 962 389 1024 sunt
420 980 440 1023 a
472 957 725 1042 sapientissimis
757 957 836 1022 viris
868 963 1046 1042 usurpatae
1085 956 1325 1041 memoriaeque
1358 956 1509 1023 litteriss

197 1066 364 1150 proditae,
396 1068 526 1130 tantum
558 1065 710 1129 videntur
738 1064 895 1148 proficere
923 1063 1057 1147 debere,
1088 1066 1246 1147 quantum
1274 1066 1382 1127 status
1409 1063 1476 1147 ipse

198 1178 332 1238 nostrae
361 1172 504 1239 civitatis
532 1176 566 1236 et
593 1172 674 1236 haec
703 1168 907 1254 perturbatio
938 1173 1122 1255 temporum
1154 1168 1376 1254 perditorum,
1406 1191 1476 1235 cum

198 1280 381 1344 beatissimi
406 1279 486 1363 sint,
516 1278 572 1362 qui
595 1278 718 1342 liberos
741 1298 807 1340 non
836 1281 1061 1361 susceperunt,
1089 1276 1197 1341 minus
1225 1279 1336 1340 autem
1359 1276 1477 1360 miseri,

199 1387 255 1470 qui
278 1387 330 1450 his
359 1385 561 1470 temporibus
590 1384 784 1468 amiserunt,
811 1405 908 1468 quam
933 1383 961 1447 si
985 1384 1117 1449 eosdem
1143 1383 1230 1447 bona
1256 1386 1314 1447 aut
1342 1382 1476 1467 denique

163 1493 310 1577 reliqua
333 1515 366 1558 re
390 1515 419 1576 p.
443 1490 672 1576 perdidissent.
713 1490 800 1575 quod
828 1490 856 1553 si
885 1494 978 1554 tuum
1006 1494 1039 1554 te
1069 1489 1265 1555 desiderium
1289 1472 1400 1555 irroret
1423 1494 1506 1554 autu

200 1599 227 1663 si
252 1604 382 1664 tuarum
406 1621 514 1663 rerum
534 1596 735 1682 cogitatione
755 1619 889 1682 maeres,
911 1620 978 1663 non
996 1596 1092 1662 facile
1111 1595 1276 1661 exhauriri
1299 1596 1363 1661 tibi
1381 1596 1477 1661 istum

201 1706 346 1770 dolorem
370 1726 466 1791 posse
489 1705 677 1769 universum
701 1708 796 1789 puto;
820 1703 871 1768 sin
894 1703 952 1768 illa
975 1707 1008 1768 te
1031 1725 1083 1768 res
1107 1703 1245 1795 cruciat,
1268 1725 1351 1789 quae
1375 1703 1477 1788 magis

200 1812 320 1878 amoris
349 1817 413 1896 est,
441 1816 629 1896 uteorum,
657 1811 713 1895 qui
737 1810 939 1894 occiderunt,
966 1810 1114 1875 miserias
1137 1809 1265 1895 lugeas,
1284 1814 1332 1875 ,ut
1355 1831 1394 1875 ea
1416 1832 1477 1875 nou

200 1920 315 2003 dicam,
339 1942 420 2005 quae
445 1919 634 2003 saepissime
659 1924 692 1982 et
715 1918 778 2003 legi
804 1921 838 1981 et
861 1916 984 2003 audivi,
1005 1917 1089 1981 nihil
1112 1917 1190 1980 mali
1213 1938 1285 1982 esse
1308 1917 1344 1982 in
1367 1920 1478 2000 morto,

200 2049 239 2090 ex
272 2047 336 2111 qua
366 2026 394 2090 si
427 2026 567 2090 resideat
599 2046 729 2108 sensus,
761 2024 995 2088 immortalitas
1027 2023 1086 2089 illa
1117 2022 1229 2108 potius
1261 2045 1360 2108 quam
1392 2046 1477 2089 mors
1492 2038 1525 2082 rs

200 2134 344 2197 ducenda
367 2133 420 2217 sit,
444 2132 495 2197 sin
519 2132 565 2196 sit
588 2131 743 2213 amissus,
766 2131 857 2194 nulla
879 2130 982 2195 rideri
1006 2129 1138 2195 miseria
1160 2131 1286 2215 debeat,
1309 2152 1393 2215 quae
1416 2154 1479 2196 nou

200 2240 374 2323 sentiatur,
401 2240 599 2305 hortamen
622 2259 687 2302 non
711 2236 864 2302 dubitans
888 2238 1080 2303 confirmare
1104 2260 1250 2323 possum,
1281 2259 1319 2303 ea
1342 2238 1480 2321 misceri,

200 2345 318 2431 parari,
342 2346 528 2430 impendere
551 2345 598 2409 rei
622 2368 661 2428 p,
686 2366 768 2427 quae
792 2343 849 2428 qui
871 2344 1051 2430 reliquerit,
1073 2344 1165 2409 nullo
1189 2345 1285 2410 modo
1308 2344 1392 2409 mihi
1415 2344 1480 2429 qui·

200 2452 274 2516 dem
297 2453 450 2537 deceptus
479 2474 549 2516 esse
577 2451 740 2536 videatur3
768 2450 846 2535 quid
870 2455 921 2515 est
944 2451 1030 2515 enim
1060 2452 1125 2516 iam
1149 2473 1214 2516 non
1237 2451 1334 2516 modo
1357 2451 1482 2537 pudori,

200 2558 369 2643 probitati,
392 2560 518 2645 virtuti,
541 2558 640 2624 rectis
665 2558 797 2643 studiis,
819 2558 916 2623 bonis
940 2558 1076 2643 artibus,
1100 2558 1155 2624 sed
1179 2558 1312 2624 omnino
1334 2557 1479 2623 libertati

201 2688 238 2731 ac
263 2665 361 2731 saluti
389 2667 475 2731 loci?
511 2688 577 2732 non
606 2666 747 2731 mercule
776 2687 972 2750 quemquam
1001 2665 1111 2731 audivi
1138 2666 1200 2731 hoc
1228 2665 1426 2752 gravissimo
1450 2671 1482 2749 et

200 2772 471 2856 pestilentissimo
491 2795 577 2838 anno
596 2772 877 2837 adulescentulum
896 2777 953 2837 aut
972 2794 1108 2857 puerum
1128 2776 1302 2856 mortuum,
1326 2772 1383 2857 qui
1402 2770 1481 2835 mihi

202 2901 267 2942 non
291 2902 311 2942 a
334 2880 384 2942 dis
403 2879 643 2944 immortalibus
663 2883 793 2963 ereptus
813 2902 850 2944 ex
870 2879 922 2944 his
943 2879 1082 2945 miseriis
1102 2883 1200 2963 atque
1219 2901 1258 2943 ex
1276 2877 1483 2962 iniquissima

167 3003 182 3048 5
201 2984 390 3049 condicione
414 2986 499 3049 vitae
524 2986 694 3050 videretur.
737 3008 846 3069 quare,
869 2986 897 3049 si
921 2984 983 3050 tibi
1007 3009 1108 3051 unum
1131 2986 1193 3051 hoc
1217 2985 1344 3050 detrahi
1363 2988 1482 3070 potest,

202 3114 241 3154 ne
266 3091 343 3174 quid
367 3091 424 3175 eis,
447 3114 528 3175 quos
552 3092 681 3173 amasti,
705 3091 782 3155 mali
807 3097 900 3176 putes
921 3093 1110 3179 contigisse,
1133 3091 1335 3177 permultum
1358 3091 1423 3156 erit
1445 3113 1482 3156 ex
1560 3099 1563 3132 ²

203 3220 347 3262 maerore
376 3203 433 3262 tuo
462 3197 676 3282 deminutum3
708 3200 911 3283 relinquetur
940 3200 1026 3264 enim
1057 3199 1195 3284 simplex
1223 3198 1283 3263 illa
1310 3198 1377 3263 iam
1407 3219 1485 3263 cura

203 3303 325 3368 doloris
349 3305 410 3388 tui,
439 3327 521 3388 quae
549 3329 615 3371 non
639 3328 712 3371 cum
740 3307 807 3370 illis
837 3302 1144 3391 communicabitur,
1175 3306 1231 3371 sed
1254 3305 1294 3369 ad
1319 3309 1352 3370 te
1376 3305 1484 3389 ipsum

203 3409 332 3494 proprie
356 3411 524 3496 referetur,
547 3412 581 3475 in
605 3435 668 3496 qua
691 3435 756 3478 non
780 3417 831 3477 est
854 3414 920 3477 iam
939 3413 1115 3498 gravitatis
1139 3418 1172 3479 et
1195 3410 1377 3497 sapientiae
1400 3416 1486 3496 tuae,

203 3538 301 3599 quam
325 3521 361 3581 tu
385 3540 404 3581 a
428 3540 529 3602 puero
553 3519 764 3603 praestitisti,
791 3519 875 3585 ferre
900 3520 1146 3586 immoderatius
1175 3542 1285 3586 casum
1309 3519 1486 3585 incommo

203 3626 316 3689 dorum
341 3629 485 3708 tuorum,
509 3625 564 3709 qui
588 3627 632 3690 sit
656 3626 696 3690 ab
721 3648 847 3710 eorum,
878 3649 959 3710 quos
983 3626 1150 3711 dilexeris,
1176 3625 1310 3690 miseria
1332 3626 1486 3710 maloque

204 3731 383 3817 seiunctus3
413 3732 534 3796 etenim
565 3756 638 3798 eum
665 3754 793 3816 semper
816 3737 849 3797 te
873 3738 906 3798 et
929 3733 1068 3817 privatis
1096 3734 1130 3797 in
1158 3734 1255 3798 rebus
1284 3736 1318 3796 et
1345 3732 1487 3817 publicis

203 3838 412 3922 praestitisti,
440 3840 561 3903 tuenda
589 3840 651 3903 tibi
673 3843 711 3903 ut
736 3839 780 3902 sit
808 3840 953 3925 gravitas
978 3845 1012 3904 et
1035 3838 1238 3906 constantiae
1266 3840 1488 3925 serviendum3

204 3968 295 4028 uam,
333 3946 418 4029 quod
451 3944 592 4009 allatura
622 3949 674 4010 est
705 3945 778 4030 ipsa
809 3946 1024 4031 diuturnitas,
1062 3969 1143 4032 quae
1182 3946 1342 4012 maximos
1369 3948 1486 4012 luctus

293 4154 316 4201 ⁶3.
337 4147 466 4200 uiuamus
487 4148 555 4216 Glt,
576 4146 717 4201 uituumus
737 4150 772 4201 M
783 4151 792 4216 l
807 4166 854 4201 eos
874 4166 955 4203 casus
975 4150 1038 4215 GR,
1057 4166 1090 4203 eo
1110 4167 1177 4203 casu
1196 4150 1233 4202 M
1243 4151 1252 4217 ΙΙ
1266 4155 1290 4202 4.
1311 4148 1485 4217 cogitemus3

205 4217 297 4289 (sed)
317 4234 406 4286 neque
426 4217 495 4271 haec
518 4219 674 4289 ll'escnberp
692 4223 701 4287 ΙΙ
721 4225 743 4273 7.
763 4220 951 4290 perturbatio]
971 4220 1100 4288 perbatio
1120 4221 1166 4285 Μ,
1186 4218 1315 4288 probatio
1336 4220 1401 4287 GR,
1422 4236 1485 4289 pro·

204 4288 273 4342 latio
294 4291 429 4344 Graecias
447 4291 456 4356 ΙΙ
475 4296 516 4342 11.
537 4288 559 4341 si
578 4292 702 4361 tuarum]
723 4290 746 4343 si
766 4291 884 4344 duarum
903 4292 949 4359 M,
970 4290 1146 4344 assiduarum
1166 4291 1300 4359 631113.
1319 4290 1487 4345 occiderunt

204 4363 236 4413 in
255 4361 289 4413 M
300 4367 365 4442 post
383 4359 510 4412 miserias
529 4364 671 4429 repetitum
690 4381 749 4430 erp.
770 4363 820 4414 Μ0
842 4365 852 4430 ΙΙ
875 4369 916 4416 15.
936 4380 969 4417 ex
989 4380 1045 4430 qua
1064 4363 1088 4416 si
1107 4364 1224 4432 Bcrrpel,
1242 4365 1272 4415 et
1289 4361 1372 4430 quasi
1391 4365 1428 4418 a.
1457 4362 1487 4416 in

204 4448 260 4498 qua
284 4449 308 4484 s1
331 4433 382 4485 ulii
397 4435 405 4500 ll
421 4437 461 4486 16.
482 4429 601 4484 dicenda
621 4434 648 4488 It
670 4436 679 4501 Η
702 4440 744 4486 20.
764 4432 913 4502 probitati,
936 4433 1000 4488 ituti
1022 4436 1051 4487 ia
1069 4453 1122 4489 ros.
1142 4435 1193 4487 Μο
1218 4436 1285 4502 (raon
1303 4436 1335 4487 irs
1356 4434 1409 4503 P),
1430 4436 1466 4489 M
1477 4438 1487 4504 ᾖ

204 4501 289 4554 rectis
308 4502 409 4555 studiis
430 4503 497 4567 GR,
524 4503 592 4556 recti
612 4503 635 4555 si
655 4503 756 4557 studiis
775 4505 813 4557 M
831 4508 840 4573 ΙΙ
863 4511 905 4559 ⁸21.
925 4505 1082 4559 mehercule
1102 4506 1157 4560 GR
1179 4507 1188 4572 ΙΙ
1211 4510 1253 4559 23.
1274 4520 1292 4556 a
1311 4503 1355 4557 dis
1375 4506 1423 4573 M,
1448 4506 1485 4559 ab

207 4598 260 4651 uris
280 4601 317 4666 u,
336 4575 352 4652 t
372 4599 425 4652 uss
447 4600 484 4654 αι
503 4603 512 4667 l
530 4600 574 4652 rus
594 4602 639 4668 rr,
658 4600 682 4653 a
703 4603 741 4667 e,
761 4600 796 4654 us
816 4603 843 4656 n
861 4605 870 4669 l
890 4608 931 4656 rr.
952 4602 976 4655 u
995 4602 1048 4655 uu
1067 4620 1151 4654 unum
1170 4602 1223 4655 hoc
1242 4603 1288 4670 ur,
1314 4601 1339 4655 u
1359 4601 1414 4656 ssu
1434 4603 1488 4657 hoo

207 4688 292 4722 unum
313 4674 393 4736 (1¹,cl
412 4672 504 4725 Itserl
525 4674 553 4724 iu
572 4690 625 4726 rus.
646 4691 663 4725 a
682 4691 715 4726 m.
737 4679 751 4723 ¹2
776 4675 785 4739 ΙΙ
808 4678 849 4726 ⁶35.
870 4691 904 4726 ne
924 4673 992 4742 quid
1011 4673 1063 4743 eis]
1088 4691 1122 4726 ne
1146 4673 1215 4741 quid
1238 4672 1273 4726 iis
1293 4673 1370 4742 ΜΗ,
1396 4690 1488 4743 nequa

207 4739 250 4793 his
272 4743 333 4863 (isit
360 4742 490 4868 ptrrtaqu'
517 4746 526 4809 ΙΙ
554 4748 595 4797 26.
616 4743 823 4797 deurinututum
843 4745 888 4809 Μ,
913 4744 1128 4800 diminutumtr'
1155 4746 1164 4813 ΙΙ
1192 4748 1235 4798 27.
1254 4761 1344 4812 quaec
1364 4762 1422 4799 non
1437 4747 1473 4801 M
1480 4747 1490 4817 Ι

207 4817 249 4866 28.
269 4827 298 4863 rc
312 4829 370 4865 erre
385 4830 417 4864 ur
444 4826 448 4847 ³
485 4814 497 4863 ι’
