3286 5460
280 384 345 447 244
731 383 768 438 M.
787 383 894 438 TVLLI
913 381 1101 438 CICERONIS

280 570 362 630 rem,
390 567 449 611 nec
476 568 561 610 nuno
592 546 809 629 committam,
839 550 877 610 ut
903 545 1006 611 ullum
1034 567 1142 610 meum
1171 543 1294 608 factum
1323 543 1555 628 reprehendere

246 654 350 718 eiure
374 654 489 736 possis.
535 675 606 717 sum
634 653 668 716 in
696 653 939 737 exspectatione
963 652 1109 717 omnium
1137 672 1257 735 rerum,
1286 650 1364 735 quid
1392 650 1427 715 in
1453 649 1557 715 Gallia

282 760 444 843 citeriore,
469 759 554 843 quid*
569 759 604 823 in
627 759 706 823 urbe
730 781 840 824 mense
863 758 1016 823 Ianuario
1040 763 1187 843 geratur,
1209 762 1247 821 ut
1271 758 1380 823 sciam
1426 758 1557 822 interim

282 868 455 930 maximam
488 865 542 930 hio
575 865 827 930 sollicitudinem
861 886 1035 950 curamque
1068 865 1230 948 sustineo,
1262 887 1303 929 ne
1334 863 1422 933 inter
1454 863 1559 929 aliene

281 973 361 1036 vitia
388 972 449 1037 hae
479 976 592 1058 gentes
623 978 736 1037 nostra
769 972 855 1037 mala
882 994 974 1037 suam
1006 975 1123 1055 putent
1156 972 1369 1037 occasionem.
1416 971 1505 1056 quod
1533 971 1588 1035 sia

282 1080 426 1162 proinde,
448 1084 486 1142 nt
509 1080 578 1163 ipse
598 1101 733 1163 mereor,
756 1079 837 1143 mihi
861 1079 1062 1164 successerit,
1085 1083 1172 1144 certe
1195 1083 1230 1144 et
1252 1079 1324 1163 tibi,
1348 1078 1399 1143 cui
1421 1078 1560 1143 maxime

282 1166 394 1269 cupio,
434 1190 467 1249 et
499 1185 650 1250 omnibus
683 1184 762 1250 viris
794 1186 889 1250 bonis
928 1185 1009 1250 satis
1040 1185 1169 1251 faciam.
1218 1185 1270 1251 fac
1303 1184 1411 1250 valeas
1446 1205 1561 1268 meque

282 1297 396 1356 mutuo
420 1292 546 1376 diligas.

830 1433 869 1500 v.
902 1433 1006 1523 (ecc.)

712 1574 872 1643 oroneo
896 1575 1071 1642 acinco
1097 1575 1129 1642 s.
1574 1595 1594 1634 l

252 1738 264 1783 1
374 1719 475 1784 Binas
499 1742 518 1783 a
541 1724 574 1783 te
598 1720 706 1804 accepi
734 1720 863 1785 litteras
892 1722 1003 1786 eodem
1032 1720 1193 1805 exemplo,
1222 1720 1309 1804 quod
1336 1720 1446 1805 ipsum
1468 1741 1562 1806 argu·

285 1831 396 1891 mento
421 1825 502 1890 mihi
526 1825 590 1889 fuit
613 1825 801 1912 diligentiae
824 1831 914 1911 tuae,
941 1826 1087 1892 intellexi
1111 1827 1197 1891 enim
1221 1832 1254 1891 te
1276 1826 1440 1913 laborare,
1461 1830 1500 1890 ut
1523 1825 1562 1890 ad

285 1955 336 1996 me
372 1933 452 1997 mihi
490 1933 789 2016 exspectatissimae
820 1932 950 1998 litterae
988 1933 1218 2018 perferrentur.
1268 1955 1307 1998 ex
1339 1933 1459 2017 quibus
1493 1932 1564 2016 cepi

284 2040 426 2103 fructum
460 2040 620 2124 duplicem
654 2040 797 2124 mihique
825 2041 860 2104 in
887 2039 1129 2124 comparatione
1158 2039 1325 2106 difficilem
1353 2039 1393 2103 ad
1421 2039 1565 2105 indican-

285 2147 379 2229 dum,
403 2169 588 2212 amoremne
611 2128 691 2233 erga
714 2169 765 2210 me
789 2151 882 2211 tuum
906 2169 947 2211 an
971 2147 1115 2211 animum
1138 2146 1171 2210 in
1196 2168 1318 2232 remp.
1341 2145 1446 2231 pluris
1468 2145 1604 2211 acati-1⁶

286 2254 439 2317 mendum
462 2258 621 2337 putarem.
667 2259 718 2318 est
741 2253 873 2319 omnino
897 2255 1023 2337 patriae
1052 2253 1171 2319 caritas
1195 2276 1268 2318 meo
1291 2251 1423 2338 quidem
1445 2252 1567 2318 iudicio

287 2360 441 2443 maxima,
470 2362 526 2425 sed
554 2382 645 2425 amor
674 2361 918 2444 voluntatisque
942 2360 1128 2425 coniunctio
1155 2360 1229 2444 plus
1253 2364 1340 2424 certe
1367 2359 1469 2424 habet
1497 2380 1569 2424 sua·

287 2467 408 2532 vitatis.
461 2467 572 2552 itaque
609 2467 877 2532 commemoratio
911 2470 969 2531 tua
1000 2472 1154 2551 paternae
1190 2465 1440 2532 necessitudinis
1472 2465 1569 2531 bene

287 2574 512 2657 volentiaeque
536 2574 619 2657 eius,
641 2595 740 2657 quam
763 2595 842 2659 erga
864 2596 915 2638 me
939 2596 959 2636 a
980 2573 1122 2657 pueritia
1145 2573 1349 2660 contulisses,
1371 2577 1569 2639 ceterarum·

287 2703 348 2764 que
373 2702 491 2765 rerum,
515 2703 596 2764 quae
620 2681 661 2744 ad
684 2702 755 2744 eam
780 2680 975 2745 sententiam
994 2680 1213 2765 pertinebant,
1236 2679 1461 2745 incredibilem
1486 2679 1569 2745 mihi
1582 2699 1608 2738 so

252 2787 448 2850 alaetitiam
472 2785 663 2852 attulerunt.
709 2809 804 2852 rusus
833 2787 1008 2852 declaratio
1032 2787 1132 2851 animi
1156 2787 1219 2868 tui,
1247 2808 1343 2873 quem
1365 2786 1507 2852 haberes
1532 2787 1571 2851 de

288 2917 321 2957 re
341 2917 371 2977 p.
391 2916 550 2977 quemque
569 2893 742 2958 habiturus
763 2916 859 2975 esses,
884 2893 964 2958 mihi
983 2897 1053 2958 erat
1074 2893 1317 2979 iucundissima,
1340 2914 1443 2978 eoque
1462 2895 1572 2959 maior

287 3004 358 3062 erat
381 3000 461 3064 haec
485 2999 621 3084 laetitia,
644 2999 729 3084 quod
755 3001 795 3064 ad
819 3001 876 3065 illa
900 3000 1067 3084 superiora
1090 3000 1273 3066 accedebat.
1309 3001 1421 3085 itaque
1445 3004 1479 3065 te
1503 3023 1572 3066 non

287 3106 401 3169 hortor
425 3107 541 3190 solum,
565 3105 610 3170 mi
628 3104 757 3191 Plance,
780 3107 835 3171 sed
854 3108 949 3191 plane
973 3108 1072 3172 etiam
1093 3129 1160 3192 oro,
1183 3107 1269 3192 quod
1289 3106 1350 3172 feci
1368 3108 1417 3171 eis
1436 3107 1574 3190 litteris,

290 3212 408 3295 quibus
432 3217 469 3276 tu
492 3211 725 3276 humanissime
754 3214 964 3299 respondisti,
991 3218 1028 3277 ut
1056 3218 1128 3279 tota
1156 3217 1263 3279 mente
1291 3213 1444 3299 omnique
1466 3214 1614 3280 animia

289 3319 413 3402 impetu
444 3320 477 3383 in
505 3342 574 3383 rem
601 3343 632 3404 p.
660 3320 843 3384 incumbas:
874 3319 957 3384 nihil
990 3324 1055 3404 est,
1087 3320 1172 3403 quod
1202 3318 1265 3384 tibi
1297 3318 1413 3385 maiori
1446 3319 1574 3386 fruettri

289 3426 477 3511 gloriaeque
506 3447 575 3489 esse
603 3426 722 3509 possit,
753 3448 813 3490 nec
841 3427 1015 3510 quicquam
1042 3447 1080 3490 ex
1109 3426 1261 3491 omnibus
1288 3427 1385 3491 rebus
1415 3426 1573 3494 humanis

255 3551 270 3597 3
291 3538 341 3597 est
364 3532 563 3617 praeclarius
588 3536 644 3597 aut
662 3534 884 3616 praestantius
908 3556 1005 3619 quam
1028 3533 1067 3597 de
1089 3555 1124 3597 re
1146 3556 1177 3617 p.
1200 3533 1282 3597 bene
1300 3532 1427 3598 mereri.
1463 3534 1574 3600 adhuc

290 3640 376 3704 enim
409 3677 446 3687 —
479 3640 605 3724 patitur
636 3643 694 3704 tua
730 3663 858 3705 summa
894 3641 1082 3704 humanitas
1115 3644 1148 3704 et
1180 3639 1340 3724 sapientia
1376 3661 1444 3725 me,
1483 3642 1573 3725 quod

290 3746 444 3830 sentiam,
471 3746 571 3811 libere
601 3746 707 3811 dicere
733 3784 770 3793 —
797 3747 930 3811 fortuna
958 3747 1157 3832 suffragante
1181 3745 1300 3811 viderie
1327 3768 1379 3811 ree
1406 3747 1574 3812 maximas
1588 3765 1616 3805 ω

291 3858 491 3938 consecutus,
515 3855 601 3937 quod
621 3876 817 3937 quamquam
842 3855 911 3918 sine
935 3855 1056 3918 virtute
1080 3853 1150 3917 fieri
1173 3875 1239 3918 non
1261 3853 1434 3937 potuisset,
1457 3857 1574 3919 tamen

290 3983 328 4023 ex
362 3961 503 4025 maxima
536 3966 629 4044 parte
662 3983 715 4046 ea,
748 3982 829 4045 quae
861 3982 896 4024 es
929 3962 1081 4044 adeptus,
1116 3959 1267 4024 fortunae
1300 3960 1574 4046 temporibusque

289 4067 491 4130 tribuuntur:
523 4067 573 4130 his
602 4067 803 4151 temporibus
832 4067 1034 4132 difficillimis
1063 4067 1110 4131 rei
1133 4090 1163 4150 p.
1188 4066 1341 4151 quicquid
1369 4067 1574 4153 subveneris,

381 4265 403 4312 1.
423 4258 610 4330 committam]
635 4258 763 4312 omittam
791 4263 820 4312 Ψ
844 4263 853 4329 11
880 4265 904 4314 3.
929 4263 961 4312 nt
984 4259 1071 4312 sciam
1094 4261 1144 4313 dcl.
1169 4261 1228 4313 alii.
1262 4257 1350 4331 (fac)
1369 4260 1411 4313 cel
1429 4258 1483 4330 <tn
1503 4260 1572 4334 fac>

291 4333 322 4382 nt
350 4329 437 4383 seiam
465 4331 634 4397 Wesenber,
662 4331 728 4402 <fac
751 4330 860 4403 igitur>
888 4332 921 4383 ut
944 4347 981 4385 sc.
1005 4332 1148 4384 Lehmann
1176 4332 1218 4399 (p.
1240 4334 1274 4399 7).
1311 4331 1355 4384 nil
1381 4332 1574 4391 mammeae

291 4407 314 4455 8.
339 4404 436 4454 mutuo
461 4402 533 4469 ΙΙΙ),
562 4420 589 4454 m
622 4404 651 4454 to
675 4403 710 4455 M
735 4405 744 4470 11
772 4407 814 4456 15.
837 4403 908 4472 rem]
937 4418 966 4455 re
994 4404 1024 4454 Ψ
1048 4404 1056 4469 11
1085 4407 1125 4454 19.
1150 4407 1192 4456 20.
1221 4403 1452 4469 caeterarumque
1481 4398 1574 4468 rfflt

291 4479 333 4525 21.
354 4471 510 4526 attulerunt
529 4473 717 4542 (protulerunt
735 4473 774 4542 D)
794 4481 863 4527 recte
881 4480 951 4527 tonet
966 4473 1087 4526 Sclonolz
1107 4473 1193 4540 (Berl.
1204 4475 1275 4541 phil.
1295 4472 1484 4527 Wocteaseltr.
1502 4479 1573 4528 1884

287 4547 443 4611 p.179,1).
477 4545 613 4597 attulerat
630 4546 793 4611 Lambinus,
813 4543 910 4597 attulit
929 4563 944 4601 ς
964 4551 988 4598 et
1007 4544 1105 4597 Baiter
1118 4546 1127 4612 11
1141 4561 1221 4596 ruens
1241 4543 1296 4611 Ml,
1315 4560 1410 4597 rursus
1430 4544 1552 4598 Mem)
1565 4552 1573 4616 ,'

289 4614 332 4665 tui
352 4633 400 4668 om.
421 4614 477 4683 1)11
495 4621 537 4670 23.
557 4615 672 4671 laeticia
689 4615 759 4669 haec
780 4616 812 4668 Η
828 4617 897 4683 1124.
918 4614 957 4666 mi
974 4613 1075 4683 planoe
1095 4614 1184 4667 solum
1205 4615 1237 4668 H
1253 4617 1262 4682 11
1280 4614 1333 4685 eis]
1352 4612 1397 4666 hie
1421 4617 1457 4681 Ψ,
1475 4613 1514 4668 iis
1534 4634 1567 4685 ςΙ

291 4689 332 4738 ⁸26.
353 4702 411 4738 rem
429 4686 470 4753 D,
497 4703 527 4739 re
545 4688 614 4740 ΜΗ
631 4672 649 4754 1
665 4685 778 4740 maioris
799 4687 833 4738 M
853 4688 862 4754 11
886 4690 927 4740 29.
948 4691 989 4739 30.
1015 4686 1083 4753 quid
1107 4685 1227 4739 sentiam
1247 4686 1407 4754 Wesenberp
1430 4687 1440 4754 1
1463 4690 1507 4741 30.
1528 4704 1572 4741 res

291 4772 324 4806 ex
342 4773 388 4808 rex
409 4757 445 4808 M
447 4765 458 4790 ⁰
476 4760 485 4824 11
506 4763 547 4811 31.
568 4757 671 4811 uirtute
690 4757 750 4811 fieri
768 4773 824 4810 non
843 4756 982 4824 potuisset
999 4759 1042 4825 (ia
1059 4756 1089 4809 D
1107 4759 1157 4811 ult.
1176 4758 1189 4810 t
1207 4760 1278 4812 inter
1296 4757 1375 4812 scrib.
1395 4773 1431 4811 ecc
1449 4774 1462 4810 s
1481 4759 1573 4828 facto)

293 4825 359 4894 HI),
381 4827 484 4879 uirtute
503 4845 558 4881 non
576 4828 716 4896 potuisset
734 4829 770 4881 M
774 4829 789 4895 ¹,
809 4846 834 4882 n.
855 4846 880 4881 n.
900 4826 1040 4895 potuisses
1060 4829 1110 4880 Μο
