3286 5460
539 375 796 434 aplssvnnnvn
814 376 860 433 xl.
881 383 922 433 ro.
943 384 983 435 11.
1005 384 1046 435 12.
1067 380 1108 435 rs.
1396 377 1462 444 289

184 539 390 605 flammatum
407 539 545 605 videtur.
583 564 648 606 non
671 541 785 606 dubito
810 546 921 607 autem
943 564 1003 626 pro
1023 546 1081 607 tua
1099 542 1258 628 singulari
1280 543 1463 628 prudentia,

185 647 265 732 quin
296 647 488 732 perspicias,
516 646 544 711 si
577 646 700 732 aliquid
732 649 900 712 firmitatis
927 653 1045 714 nactus
1075 649 1120 713 sit
1148 650 1326 732 Antonius,
1354 650 1463 715 omnia

186 757 244 818 tua
266 752 324 817 illa
347 753 515 838 praeclara
542 754 577 817 in
604 776 672 818 rem
703 777 733 838 p.
757 755 874 819 merita
905 755 945 819 ad
973 755 1112 820 nihilum
1140 777 1210 821 esse
1238 760 1387 839 ventura,
1416 757 1463 821 ita

185 860 273 925 enim
297 860 436 926 Romam
460 864 530 924 erat
551 861 752 944 nuntiatum,
776 862 823 925 ita
845 882 1036 945 persuasum
1060 862 1225 946 omnibus,
1249 885 1323 928 cum
1350 863 1462 946 paucis

160 967 335 1051 sinermis,
362 967 546 1052 perterritis
574 971 678 1051 metu,
701 968 805 1032 fracto
833 968 942 1033 animo
971 969 1094 1054 fugisse
1118 969 1308 1034 Antonium.
1354 970 1410 1053 qui
1434 970 1497 1034 sis

184 1072 234 1138 ita
258 1096 292 1138 se
314 1074 425 1160 habet,
442 1079 489 1159 ut,
507 1074 779 1158 quemadmodum
803 1073 974 1140 audiebam
993 1075 1031 1140 de
1052 1074 1216 1159 Graeceio,
1236 1076 1367 1162 confligi
1389 1098 1462 1140 cum

186 1203 225 1246 eo
249 1181 319 1245 sine
342 1181 487 1266 periculo
509 1203 577 1247 non
599 1180 715 1267 possit,
732 1204 798 1246 non
816 1182 872 1246 ille
896 1182 978 1246 mihi
996 1181 1120 1267 fugisse
1143 1205 1162 1246 a
1180 1181 1309 1247 Mutina
1327 1182 1462 1266 videtur,

187 1287 244 1352 sed
266 1287 376 1353 locum
399 1288 478 1352 belli
501 1289 634 1374 gerendi
664 1292 818 1353 mutasse.
864 1289 975 1374 itaque
1002 1289 1151 1354 homines
1179 1288 1236 1354 alii
1266 1289 1345 1355 facti
1373 1294 1462 1355 sunt:

186 1393 335 1459 nonnulli
363 1394 464 1459 etiam
492 1399 685 1481 queruntur,
714 1396 799 1479 quod
830 1394 992 1479 perseo'uti
1023 1417 1089 1460 non
1118 1396 1205 1480 sitis,
1238 1397 1379 1482 opprimi
1408 1418 1463 1480 po·

146 1523 173 1561 ιο
186 1501 298 1586 tuisse,
317 1501 345 1565 si
369 1500 518 1567 celeritas
538 1502 686 1566 adhibita
703 1507 798 1586 esset,
816 1502 1015 1567 existimant.
1046 1503 1179 1568 omnino
1199 1507 1250 1567 est
1268 1503 1331 1568 hoc
1349 1504 1462 1589 populi

188 1609 390 1694 maximeque
413 1609 528 1689 nostri,
551 1610 586 1673 in
609 1631 647 1674 eo
670 1610 879 1693 potissimum
903 1610 994 1674 abuti
1017 1610 1180 1694 libertate,
1198 1631 1256 1694 per
1275 1632 1372 1694 quem
1391 1632 1463 1674 eam

186 1720 379 1781 consecutus
408 1715 464 1800 sit,
494 1716 549 1780 sed
577 1720 688 1780 tamen
717 1715 998 1799 providendnmst,
1025 1738 1065 1779 ne
1098 1737 1180 1800 quae
1213 1715 1300 1781 iusta
1333 1717 1464 1801 querela

186 1844 257 1888 esse
279 1823 395 1908 possit.
441 1844 493 1886 res
517 1844 551 1886 se
575 1822 623 1887 sic
645 1821 758 1886 habet:
787 1822 815 1886 is
838 1820 962 1886 bellum
990 1821 1178 1906 confecerit,
1203 1822 1259 1907 qui
1281 1822 1462 1888 Antonium

186 1930 403 2015 oppresserit3
425 1930 488 1994 hoe
512 1950 609 2013 quam
633 1929 699 1992 vim
729 1928 862 2012 habeat,
885 1933 917 1992 te
946 1928 1133 1993 existimare
1161 1929 1262 2014 malo,
1286 1951 1383 2013 quam
1412 1952 1463 1995 me

147 2055 171 2095 1⁵
186 2036 331 2120 apertius
356 2036 505 2101 scribere.

710 2194 801 2259 xm.
835 2192 972 2282 (aaa).

320 2355 358 2420 o.
382 2355 556 2421 saurus
580 2355 668 2421 ms.
692 2354 781 2421 cos
805 2353 899 2420 ons.
924 2353 954 2419 s.
978 2353 1017 2421 u.
1040 2354 1083 2420 n.
1108 2352 1329 2422 oronaour.

275 2497 346 2562 Iam
374 2520 439 2563 non
467 2520 529 2584 ago
557 2498 621 2563 tibi
648 2498 785 2583 gratias,
818 2498 870 2563 cui
902 2498 989 2561 enim
1021 2519 1055 2562 re
1087 2497 1142 2563 rix
1168 2498 1289 2563 referre
1316 2522 1494 2586 possum,1

184 2604 262 2670 hnic
285 2605 393 2669 verbis
416 2627 483 2670 non
505 2605 631 2689 patitur
654 2627 705 2669 res
729 2603 919 2669 satisfieri:
947 2605 1112 2669 attendere
1140 2609 1173 2669 te
1201 2605 1289 2690 volo,
1318 2628 1400 2690 quae
1428 2608 1463 2672 in

146 2733 172 2772 so
186 2711 337 2776 manibus
362 2716 454 2798 sunt3
478 2734 542 2796 qua
565 2712 651 2778 enim
674 2712 847 2796 prudentia
870 2733 913 2794 es,
936 2710 1019 2774 nihil
1043 2715 1076 2775 te
1099 2710 1218 2797 fugiet,
1242 2712 1270 2776 si
1299 2734 1387 2777 meas
1411 2713 1462 2777 lit·

186 2821 274 2882 teras
298 2818 473 2904 diligenter
500 2819 628 2905 legeris.
675 2819 768 2903 sequi
795 2817 969 2885 confestim
992 2817 1173 2883 Antonium
1199 2818 1251 2883 his
1280 2820 1318 2883 de
1347 2820 1462 2904 causis,

186 2921 314 3010 Cicero,
346 2947 412 2991 non
442 2925 551 3010 potui:
584 2947 673 2990 eram
705 2925 773 2990 sine
806 2924 986 3010 equitibus,
1019 2924 1087 2989 sine
1120 2925 1289 3010 iumentis3
1316 2925 1462 2993 Hirtium

185 3031 309 3115 perisse
332 3033 530 3117 nesciebam,
553 3032 708 3117 Aquilam
731 3033 854 3116 perisse
882 3030 1080 3114 nesciebam3
1104 3030 1236 3097 Caesari
1264 3054 1331 3098 non
1358 3035 1463 3099 crede

185 3138 271 3222 bam,
293 3138 384 3223 prius
409 3161 506 3223 quam
530 3138 754 3204 convenissem
778 3141 811 3202 et
844 3136 1033 3202 conlocutus
1062 3159 1175 3202 essem.
1221 3136 1275 3203 hic
1304 3139 1372 3204 dies
1400 3139 1462 3205 hoc

148 3265 173 3306 sa
187 3244 284 3310 modo
307 3245 397 3309 abiit.
443 3249 576 3330 postero
605 3245 655 3308 die
679 3266 773 3308 mane
798 3266 817 3307 a
839 3241 947 3308 Pansa
970 3264 1043 3307 sum
1066 3244 1242 3310 accersitus
1266 3244 1460 3312 Bononiam:
1481 3267 1496 3314 a

186 3373 260 3415 cum
293 3351 326 3415 in
359 3351 475 3415 itinere
508 3373 626 3436 essem,
658 3351 846 3415 nuntiatum
878 3350 959 3414 mihi
993 3354 1043 3414 est
1079 3372 1153 3415 eum
1186 3355 1351 3416 mortuum
1384 3374 1461 3418 esse.

185 3457 308 3523 recurri
332 3457 372 3522 ad
394 3479 484 3522 meas
503 3458 662 3542 copiolas,
685 3458 732 3522 sic
755 3456 842 3523 enim
860 3479 935 3522 vere
955 3478 1008 3521 eas
1028 3456 1191 3541 appellare
1214 3480 1362 3543 possum:
1386 3466 1463 3525 sunt

185 3563 472 3630 extenuatissimae
497 3568 531 3628 et
552 3564 665 3649 inopia
687 3564 833 3629 omnium
856 3587 965 3629 rernm
988 3564 1128 3647 pessime
1157 3569 1318 3649 acceptae.
1363 3565 1462 3631 biduo

185 3692 236 3735 me
260 3670 425 3736 Antonius
449 3671 639 3754 antecessit,
662 3671 781 3736 itinera
808 3671 887 3736 fecit
915 3669 1018 3735 multo
1047 3670 1171 3734 maiora
1198 3671 1340 3756 fugiens,
1363 3693 1461 3756 quam

146 3799 172 3838 so
186 3797 247 3862 ego
272 3799 423 3862 sequens,
450 3777 505 3841 ille
530 3778 615 3842 enim
638 3778 678 3842 iit
705 3778 843 3862 passim,
867 3799 928 3862 ego
957 3775 1142 3841 ordinatim.
1188 3799 1389 3862 quacumque
1413 3779 1462 3865 iit,

186 3884 355 3969 ergastula
382 3884 494 3967 solvit,
516 3884 666 3949 homines
695 3885 853 3968 abripuit,
877 3882 1027 3948 constitit
1050 3904 1226 3966 nusquam,
1249 3884 1339 3966 prius
1364 3907 1462 3969 quam

275 4083 298 4132 1.
318 4076 431 4131 uidetur
444 4096 478 4133 cr
491 4077 623 4132 uidentur
641 4078 693 4146 D',
711 4076 821 4131 uideret
839 4077 873 4131 H
883 4079 894 4147 11
907 4082 931 4131 3.
951 4077 1014 4147 tua]
1035 4092 1087 4129 sua
1108 4079 1138 4130 Ψ
1149 4079 1158 4146 11
1173 4081 1197 4131 6.
1216 4076 1385 4149 perterritis]
1400 4094 1461 4148 per·

183 4182 266 4238 aaa
284 4184 327 4246 m,
354 4200 404 4253 per
422 4187 511 4239 cerras
531 4185 593 4239 rm
628 4187 637 4255 1
670 4191 694 4239 r.
713 4202 769 4239 non
787 4183 837 4238 rue
855 4183 925 4237 mm
951 4181 1124 4252 fugissem,
1151 4182 1221 4236 mni
1241 4166 1291 4254 (a)
1315 4183 1363 4238 rue
1392 4184 1462 4239 mni

182 4254 298 4336 fugisse·
308 4255 348 4323 H,
367 4272 424 4310 non
442 4256 491 4310 ille
509 4256 615 4326 fugisse
633 4255 704 4309 mihi
722 4256 752 4309 D
779 4259 788 4325 1
820 4261 844 4310 9.
862 4258 1037 4337 quaeruntur
1054 4254 1093 4307 M
1116 4256 1132 4335 11.
1154 4261 1195 4308 11.
1214 4254 1391 4336 maximeque
1409 4257 1462 4324 12¹,

183 4327 492 4452 *lassatis
509 4327 604 4466 fl?
622 4325 1463 4470 fillisll”13¹3”lllltplfflllllmtlltab

183 4413 226 4523 lut.
246 4485 275 4523 se
299 4467 340 4522 sic
358 4470 400 4529 M,
420 4468 444 4522 si
463 4469 504 4524 sic
522 4470 562 4536 H,
581 4416 713 4538 seq(exp.)
734 4469 774 4523 sic
793 4442 871 4523 se'D
897 4415 923 4538 „q
935 4473 967 4520 19
986 4469 1015 4521 te
1033 4467 1076 4548 Μ,
1095 4439 1226 4548 olmHl)
1253 4471 1262 4536 11
1292 4474 1334 4522 al.
1354 4475 1396 4524 22.
1416 4469 1463 4524 lit

183 4541 259 4594 teras
278 4557 355 4593 meas
375 4539 484 4610 Η1128.
503 4540 584 4610 potui
602 4557 679 4594 aram
698 4541 739 4610 M,
758 4545 906 4609 potueram
924 4540 987 4593 HD
999 4541 1009 4607 11
1027 4539 1176 4591 elument1s
1195 4539 1233 4592 M
1247 4542 1256 4607 11
1275 4544 1318 4594 23.
1338 4540 1463 4609 aquilam

184 4609 289 4679 perisse
308 4611 469 4665 nesciebam
492 4612 553 4665 HD
577 4614 731 4682 (praetcrea
750 4611 879 4668 Uononis.
899 4616 960 4676 210,
989 4610 1079 4663 Paris.
1101 4614 1169 4663 7783
1193 4611 1222 4664 et
1246 4615 1332 4663 14761
1361 4613 1463 4682 aliique

184 4683 262 4751 cod),
281 4700 331 4738 om.
353 4684 393 4737 M.
431 4685 465 4750 cf.
484 4685 519 4738 L.
540 4685 646 4738 Garlitt
662 4700 755 4753 propr.
775 4683 894 4754 Steplita.
914 4686 983 4735 1888
999 4698 1028 4749 p.
1045 4683 1102 4748 1211
1121 4685 1163 4732 85.
1183 4681 1335 4735 accersitus
1357 4685 1393 4752 Ψ,
1419 4700 1462 4737 ar-

184 4752 303 4882 eqsistitqrs
322 4770 338 4812 ς
367 4758 377 4822 1
403 4760 446 4809 88.
465 4753 605 4824 pessimas
624 4755 662 4809 M
684 4755 694 4823 11
721 4759 763 4809 29.
782 4753 851 4808 fecit
869 4754 939 4822 HD,
963 4768 1013 4808 om.
1033 4751 1071 4805 M
1093 4755 1103 4821 1
1130 4756 1172 4806 31.
1193 4751 1318 4822 abripuit
1339 4757 1375 4823 Ψ,
1394 4754 1462 4808 arri-

185 4841 203 4891 p
240 4923 608 4973 Csc.ep.ed.Mondelssohn
1216 4919 1248 4967 19
