3286 5460
542 374 801 430 EPISTVLARVM
819 375 864 431 Xl.
885 380 927 431 18.
947 379 988 430 19.
1008 381 1050 431 20.
1070 380 1112 432 21.
1412 378 1478 445 295

197 539 388 624 lescentem,
422 540 616 624 ornandum,
644 539 855 625 tollendum';
889 561 923 604 se
953 561 1020 605 non
1047 562 1117 605 esse
1150 542 1412 627 commissurum,
1439 548 1477 609 ut

198 647 273 712 tolli
301 646 416 731 possit.
460 647 524 712 hoc
551 669 612 733 ego
641 645 827 713 Labeonem
854 647 950 713 credo
982 646 1032 711 illi
1064 648 1231 714 rettulisse
1259 653 1316 714 ant
1343 650 1475 717 finxisse

197 755 331 839 dictum,
352 745 425 820 non'
442 754 483 818 ab
503 754 708 820 adulescente
727 755 908 840 prolatum3
931 759 1101 820 veteranos
1125 777 1201 820 vero
1227 756 1366 841 pessime
1385 756 1475 842 loqui

198 861 331 926 volebat
348 861 459 927 Labeo
483 884 534 926 mc
554 862 681 928 credere
701 866 735 926 et
757 861 820 926 tibi
838 861 880 926 ab
899 861 946 926 eis
970 861 1093 927 instare
1111 862 1301 948 periculum,
1320 864 1475 929 maxime-

171 990 260 1052 nque
284 968 455 1054 indignari,
479 969 567 1053 quod
589 968 623 1033 in
647 968 756 1034 decem
779 969 858 1033 viris
880 991 986 1053 neque
1010 968 1131 1035 Cacsar
1154 991 1259 1055 neque
1283 992 1344 1056 ego
1367 970 1474 1036 habiti

198 1096 341 1140 essemus
369 1081 467 1162 atque
491 1077 600 1143 omnia
630 1077 670 1141 ad
697 1080 843 1142 vestrum
871 1075 1045 1141 arbitrium
1072 1081 1182 1141 essent
1210 1077 1347 1143 conlata.
1392 1077 1508 1145 haeca

198 1206 271 1249 cum
299 1184 461 1249 audissem
489 1190 522 1250 et
549 1186 615 1251 iam
642 1184 677 1249 in
704 1184 821 1249 itinere
854 1205 972 1268 essem,
1000 1184 1270 1249 committendum
1297 1185 1473 1270 †nendum

159 1367 168 1390 ι
197 1291 324 1375 putavi,
351 1291 442 1375 prius
472 1297 509 1357 ut
537 1293 638 1376 Alpds
669 1291 927 1376 transgrederer,
956 1312 1067 1375 quam,
1095 1291 1172 1376 quid
1204 1291 1279 1356 istic
1312 1297 1472 1377 ageretur,

196 1398 326 1480 scirem,
354 1420 430 1463 nam
458 1399 497 1464 dc
524 1403 582 1464 tuo
610 1398 769 1483 periculo,
801 1398 894 1463 crede
923 1397 1003 1462 mihi
1033 1397 1209 1462 iactatione
1238 1399 1412 1464 verborum
1439 1405 1473 1465 ct

159 1531 183 1567 ιο
196 1504 442 1569 denuntiatione
466 1505 602 1588 periculi
630 1526 760 1588 sperare
788 1526 843 1569 eos
872 1508 904 1569 te
932 1503 1175 1588 pertimefacte,
1197 1506 1403 1571 adulescente
1426 1507 1472 1571 in·

194 1611 290 1696 pulso
318 1633 413 1696 posse
440 1633 561 1697 magna
588 1611 743 1696 consequi
769 1611 928 1696 praemia,
951 1615 985 1675 et
1011 1615 1116 1676 totam
1148 1611 1246 1675 istam
1275 1613 1471 1678 cantilenam

195 1741 235 1784 ex
260 1718 324 1784 hoc
350 1718 501 1803 pendere,
528 1723 566 1783 ut
599 1740 696 1804 quam
728 1717 905 1802 plurimum
937 1718 1019 1782 lucri
1051 1717 1182 1784 faciant.
1227 1740 1331 1803 neque
1362 1723 1472 1786 tamen

193 1847 261 1890 non
283 1829 315 1890 te
340 1827 471 1890 cautum
493 1847 564 1891 esse
587 1825 661 1891 velo
686 1828 719 1890 et
741 1824 876 1889 insidias
898 1823 1069 1909 vitantem3
1093 1825 1176 1889 nihil
1201 1826 1287 1890 enim
1310 1830 1367 1890 tua
1390 1827 1472 1893 mihi

193 1933 263 1996 vita
289 1936 401 2017 potest
428 1954 499 1998 esse
531 1932 702 1999 iucundius
733 1952 837 2015 neque
869 1931 989 1997 carius:
1020 1931 1103 1997 illud
1135 1931 1221 2016 vide,
1252 1954 1292 1997 ne
1325 1933 1505 2001 timendos

149 2064 176 2104 ιε
192 2039 296 2125 magis
329 2039 445 2105 timere
478 2060 596 2125 cogare
628 2044 675 2124 et,
708 2039 826 2124 quibus
859 2039 956 2104 rebus
987 2043 1099 2123 potest
1136 2039 1261 2105 occurri
1296 2042 1470 2126 veteranis,

190 2167 354 2211 occurras:
377 2146 528 2232 primum,
548 2147 633 2231 quod
653 2145 837 2211 desiderant
855 2145 893 2210 de
913 2145 1132 2230 decemviris,
1155 2144 1269 2229 facias,
1294 2146 1408 2212 deinde
1430 2149 1469 2213 de

189 2253 357 2337 praemiis,
381 2253 410 2317 si
433 2252 495 2318 tibi
525 2254 665 2338 videtur,
687 2274 784 2339 agros
813 2275 925 2318 eorum
953 2253 1110 2338 militum,
1132 2252 1196 2337 .qui
1225 2275 1299 2318 cum
1321 2253 1468 2321 Antonio

189 2360 337 2425 veterani
358 2360 499 2444 fuerunt,
518 2360 564 2425 eis
588 2360 710 2426 dandos
735 2382 866 2427 censeas
886 2359 1098 2451 *il-MPQ
1121 2359 1231 2444 nobis3
1254 2360 1292 2425 de
1315 2363 1468 2449 nummis,

190 2467 276 2532 lente
300 2488 337 2531 ac
359 2467 486 2532 ratione
508 2466 624 2531 habita
646 2467 801 2551 pecuniae
829 2470 978 2531 senatum
1007 2466 1045 2530 de
1074 2488 1111 2531 ea
1138 2488 1173 2531 re
1202 2468 1468 2537 constituturum.

146 2577 347 2657 etquattuor
383 2573 568 2660 legionibus
606 2575 667 2659 cis,
704 2573 821 2658 quibus
859 2593 956 2659 agros
993 2573 1116 2638 dandos
1149 2574 1337 2660 censuistis,
1374 2576 1467 2642 video

189 2680 380 2745 facultatem
409 2680 480 2746 fore
508 2703 547 2746 ex
575 2682 663 2767 agris
693 2679 795 2745 Silani
824 2685 857 2744 et
884 2702 964 2766 agro
994 2679 1174 2765 Campan03
1202 2681 1383 2764 aequaliter
1411 2688 1468 2748 aut

190 2791 278 2852 sorte
302 2808 398 2874 agros
421 2787 606 2874 legionibus
630 2786 795 2872 adsignari
818 2790 899 2870 puto
924 2791 1085 2870 opertere.
1125 2787 1206 2853 haec
1230 2809 1282 2851 me
1305 2788 1367 2852 tibi
1390 2790 1503 2856 scri-4

189 2895 266 2958 berc
289 2917 356 2959 non
378 2894 551 2979 prudentia
574 2917 647 2959 mea
670 2894 831 2977 hortatur,
851 2893 905 2957 sed
930 2914 1022 2958 amor
1043 2894 1130 2958 inte
1154 2898 1187 2958 et
1211 2894 1373 2979 cupiditas
1398 2898 1469 2984 otii,

190 3001 277 3086 quod
310 3001 379 3065 sine
412 3006 444 3065 te
482 3002 660 3066 consistere
697 3001 805 3085 <non>
841 3005 959 3084 potest.
1005 3022 1080 3086 ege,
1112 3001 1176 3066 nisi
1209 3002 1301 3066 valde
1337 3025 1468 3070 necesse

151 3131 176 3170 ss
190 3108 298 3192 fuerit,
321 3130 360 3172 ex
384 3107 480 3172 ltalia
502 3130 568 3172 non
591 3108 757 3195 excedam,
783 3108 929 3193 legiones
958 3130 1049 3173 armo
1077 3130 1171 3193 par03
1200 3131 1294 3193 spero
1323 3133 1374 3175 me
1401 3133 1468 3178 non

189 3216 368 3299 pessimum
391 3215 569 3281 exercitum
591 3215 782 3281 habiturum
806 3216 846 3280 ad
874 3215 981 3281 omnis
1010 3237 1103 3280 casus
1132 3219 1165 3280 et
1192 3214 1335 3300 impetus
1364 3217 1468 3282 homi·

189 3344 276 3387 num.
322 3323 360 3386 de
384 3323 535 3406 exercitu,
560 3344 656 3407 quem
679 3322 785 3386 Pansa
808 3320 942 3408 habuit,
963 3323 1125 3408 legionem
1154 3320 1234 3385 mihi
1259 3321 1379 3388 Caesar
1401 3346 1466 3389 non

189 3428 338 3494 remittit.
384 3430 424 3493 ad
447 3429 507 3493 has
530 3429 659 3494 litteras
684 3428 797 3493 statim
827 3427 907 3493 mihi
930 3429 1071 3494 rescribe
1100 3434 1296 3513 tuorumque
1325 3429 1466 3513 aliquem

189 3537 293 3621 mitte,
312 3536 437 3621 siquid
460 3537 664 3601 reconditum
687 3536 793 3621 magis
812 3536 876 3600 erit
900 3558 1013 3620 meque
1033 3535 1115 3601 scire
1140 3557 1221 3620 opus
1241 3557 1312 3600 esse
1330 3535 1465 3619 putaris.

150 3664 176 3703 so
190 3662 266 3708 v1111
290 3641 329 3708 Κ.
353 3643 423 3709 Iun
446 3643 616 3728 Eporedia.

705 3787 802 3864 ,xxi
834 3783 938 3872 (413.)

343 3927 386 3993 M.
410 3926 570 3994 crosso
596 3929 627 3995 s.
650 3928 690 3993 n
713 3929 752 3994 n.
776 3927 922 3994 anvro
947 3927 1033 3993 rue.
1057 3927 1147 3994 eos.
1171 3927 1313 3994 ousia.

277 4070 337 4135 Dei
361 4071 418 4135 isti
443 4071 576 4157 Segulio
601 4073 685 4137 male
709 4073 838 4158 faciant,
861 4073 985 4137 homini
1009 4073 1210 4156 nequissimo
1235 4074 1389 4157 omnium,
1409 4073 1465 4157 qui
1486 4095 1499 4142 1

189 4182 279 4261 sunt,
303 4179 357 4263 qui
380 4177 525 4264 firerunt,
549 4179 606 4264 qui
629 4179 731 4245 futuri
756 4182 845 4244 sunt!
892 4179 991 4263 quid?
1023 4184 1060 4244 tu
1092 4180 1184 4245 illum
1216 4185 1325 4245 tecum
1358 4181 1465 4246 solum

277 4342 301 4390 2.
321 4335 422 4407 possit]
440 4339 537 4405 posset
560 4338 720 4408 Wesenberg
734 4341 742 4404 ΙΙ
757 4345 781 4392 4.
801 4337 854 4409 eis]
874 4337 909 4391 iis
929 4339 974 4406 M,
994 4337 1038 4391 his
1057 4338 1119 4392 HD
1132 4341 1142 4407 l
1157 4344 1180 4392 7.
1200 4338 1323 4392 nondum
1343 4340 1389 4406 M,
1415 4356 1466 4396 om,

190 4409 256 4463 HD.
285 4425 342 4461 non
361 4425 390 4475 ς,
408 4410 472 4475 fort.
492 4416 561 4463 recte
578 4412 587 4479 ΙΙ
607 4415 647 4464 1s.
668 4409 722 4480 eis]
741 4408 784 4462 his
806 4413 846 4477 Ψ,
869 4409 905 4463 iis
924 4410 1104 4479 §numisque
1121 4409 1216 4480 nobis]
1236 4411 1407 4476 offenderunt
1424 4427 1466 4465 ce-

188 4486 256 4534 terca
272 4481 363 4534 critici
385 4482 395 4550 l
418 4485 459 4534 20.
480 4479 533 4551 eis]
553 4480 597 4534 his
619 4485 654 4549 Ψ,
673 4480 708 4535 iis
728 4499 744 4539 ς
767 4485 776 4550 l
799 4487 840 4534 21.
861 4481 945 4535 silani
964 4481 1028 4537 MD
1046 4481 1118 4550 quod
1136 4499 1197 4535 eane
1215 4480 1381 4535 Mommseno
1396 4489 1467 4550 puto

188 4553 273 4605 teneri
287 4567 366 4619 posse
383 4553 428 4621 (cf.
444 4552 594 4606 Drumoms
608 4553 646 4606 IV
660 4572 690 4623 p.
706 4558 760 4621 47),
780 4552 891 4607 scillani
905 4554 943 4607 H.
973 4551 1096 4608 Sullanis
1116 4569 1140 4610 ς.
1167 4567 1201 4606 ex
1220 4550 1296 4620 agris
1311 4551 1423 4606 Stellati
1438 4555 1467 4607 et

189 4620 332 4691 Campano
346 4621 444 4677 Sctrttr
457 4625 467 4689 l
481 4629 523 4678 24,
538 4640 593 4677 non
608 4643 657 4679 om.
671 4628 702 4679 Ψ
713 4628 722 4692 ΙΙ
736 4630 778 4680 25.
793 4641 872 4679 armo
885 4643 935 4680 om.
947 4624 981 4678 H
991 4626 1000 4692 t
1014 4630 1055 4678 ⁶26.
1066 4629 1108 4677 26,
1119 4639 1175 4676 non
1189 4621 1341 4693 pessimum
1355 4640 1400 4677 ma
1415 4623 1449 4676 ll
1458 4622 1467 4661 Η

188 4698 230 4748 29.
251 4692 322 4747 scire
336 4710 406 4762 opus
420 4710 481 4748 esse
495 4695 578 4748 Mll*
597 4696 651 4766 (11¹
670 4696 742 4750 scire
760 4699 832 4766 om.),
851 4714 920 4767 opus
936 4713 996 4750 asse
1012 4694 1082 4749 scire
1098 4695 1128 4748 1)
1148 4697 1159 4762 l
1182 4699 1224 4748 80,
1244 4713 1302 4746 v1111
1319 4695 1465 4762 Corradus,

188 4783 236 4817 vm
257 4768 288 4819 Ψ
308 4766 318 4831 ΙΙ
341 4764 473 4834 eporedia
492 4767 537 4835 M,
565 4768 698 4838 eporegia
717 4769 786 4822 HD.
814 4770 849 4836 cs.
871 4769 899 4824 G.
915 4769 938 4822 1.
954 4766 988 4822 L.
1003 4765 1036 4834 V,
1051 4772 1067 4820 2
1083 4784 1112 4835 p.
1130 4771 1181 4819 750
1203 4768 1213 4835 ΙΙ
1236 4771 1277 4820 33.
1299 4765 1358 4838 dei]
1377 4765 1408 4822 di
1427 4768 1468 4839 all

188 4836 286 4907 regulo
306 4837 342 4890 M
357 4836 477 4906 (segulio
497 4838 555 4908 Μ’)
