<?xml version="1.0" encoding="UTF-8"?>
<!DOCTYPE html PUBLIC "-//W3C//DTD XHTML 1.0 Transitional//EN"
    "http://www.w3.org/TR/xhtml1/DTD/xhtml1-transitional.dtd">
<html xmlns="http://www.w3.org/1999/xhtml" xml:lang="en" lang="en">
 <head>
  <title>
</title>
<meta http-equiv="Content-Type" content="text/html;charset=utf-8" />
  <meta name='ocr-system' content='tesseract 3.04.00' />
  <meta name='ocr-capabilities' content='ocr_page ocr_carea ocr_par ocr_line ocrx_word'/>
</head>
<body>
  <div class='ocr_page' id='page_1' title='image "./mtulliciceronis00koergoog_0248.png"; bbox 0 0 3286 5460; ppageno 0'>
   <div class='ocr_carea' id='block_1_1' title="bbox 587 357 1460 426">
    <p class='ocr_par' dir='ltr' id='par_1_1' title="bbox 587 357 1460 426">
     <span class='ocr_line' id='line_1_1' title="bbox 587 357 1460 426; baseline 0.003 -14"><span class='ocrx_word' id='word_1_1' title='bbox 587 357 843 413; x_wconf 71' lang='lat' dir='ltr'>EPISTVLARVM</span> <span class='ocrx_word' id='word_1_2' title='bbox 860 358 933 415; x_wconf 87' lang='lat' dir='ltr'><strong>VIII.</strong></span> <span class='ocrx_word' id='word_1_3' title='bbox 954 365 995 415; x_wconf 84' lang='lat'>15.</span> <span class='ocrx_word' id='word_1_4' title='bbox 1015 365 1057 414; x_wconf 84' lang='grc'>16.</span> <span class='ocrx_word' id='word_1_5' title='bbox 1394 361 1460 426; x_wconf 81' lang='grc'>209</span> 
     </span>
    </p>
   </div>
   <div class='ocr_carea' id='block_1_2' title="bbox 144 520 1506 3387">
    <p class='ocr_par' dir='ltr' id='par_1_2' title="bbox 144 520 1506 3387">
     <span class='ocr_line' id='line_1_2' title="bbox 184 520 1460 609; baseline 0.003 -24"><span class='ocrx_word' id='word_1_6' title='bbox 184 522 245 586; x_wconf 91' lang='lat' dir='ltr'>tibi</span> <span class='ocrx_word' id='word_1_7' title='bbox 271 543 364 587; x_wconf 86' lang='lat' dir='ltr'>carae</span> <span class='ocrx_word' id='word_1_8' title='bbox 388 526 474 605; x_wconf 87' lang='lat' dir='ltr'>sunt,</span> <span class='ocrx_word' id='word_1_9' title='bbox 498 520 526 585; x_wconf 91' lang='lat' dir='ltr'>si</span> <span class='ocrx_word' id='word_1_10' title='bbox 549 521 673 606; x_wconf 91' lang='lat' dir='ltr'>aliquid</span> <span class='ocrx_word' id='word_1_11' title='bbox 696 523 781 607; x_wconf 88' lang='lat' dir='ltr'>apud</span> <span class='ocrx_word' id='word_1_12' title='bbox 805 528 837 587; x_wconf 90' lang='lat' dir='ltr'>te</span> <span class='ocrx_word' id='word_1_13' title='bbox 855 543 926 606; x_wconf 92' lang='lat' dir='ltr'>nos,</span> <span class='ocrx_word' id='word_1_14' title='bbox 950 523 977 587; x_wconf 93' lang='lat' dir='ltr'>si</span> <span class='ocrx_word' id='word_1_15' title='bbox 1002 522 1051 587; x_wconf 84' lang='lat' dir='ltr'>vir</span> <span class='ocrx_word' id='word_1_16' title='bbox 1075 522 1228 607; x_wconf 90' lang='lat' dir='ltr'>optimus,</span> <span class='ocrx_word' id='word_1_17' title='bbox 1252 545 1351 609; x_wconf 82' lang='lat' dir='ltr'>gener</span> <span class='ocrx_word' id='word_1_18' title='bbox 1374 528 1460 607; x_wconf 92' lang='lat' dir='ltr'>tuus,</span> 
     </span>
     <span class='ocr_line' id='line_1_3' title="bbox 185 624 1460 715; baseline 0.002 -24"><span class='ocrx_word' id='word_1_19' title='bbox 185 626 344 714; x_wconf 85' lang='lat' dir='ltr'>valemus,</span> <span class='ocrx_word' id='word_1_20' title='bbox 377 650 515 712; x_wconf 91' lang='lat' dir='ltr'>quorum</span> <span class='ocrx_word' id='word_1_21' title='bbox 547 628 713 693; x_wconf 87' lang='lat' dir='ltr'>fortunam</span> <span class='ocrx_word' id='word_1_22' title='bbox 742 651 810 694; x_wconf 93' lang='lat' dir='ltr'>non</span> <span class='ocrx_word' id='word_1_23' title='bbox 841 630 939 694; x_wconf 90' lang='lat' dir='ltr'>debes</span> <span class='ocrx_word' id='word_1_24' title='bbox 968 624 1051 693; x_wconf 82' lang='lat' dir='ltr'>velle</span> <span class='ocrx_word' id='word_1_25' title='bbox 1081 630 1287 715; x_wconf 89' lang='lat' dir='ltr'>conturbare,</span> <span class='ocrx_word' id='word_1_26' title='bbox 1321 636 1358 695; x_wconf 91' lang='lat' dir='ltr'>ut</span> <span class='ocrx_word' id='word_1_27' title='bbox 1389 653 1460 696; x_wconf 90' lang='lat' dir='ltr'>eam</span> 
     </span>
     <span class='ocr_line' id='line_1_4' title="bbox 185 734 1460 822; baseline 0.002 -23"><span class='ocrx_word' id='word_1_28' title='bbox 185 757 330 818; x_wconf 86' lang='lat' dir='ltr'>causam,</span> <span class='ocrx_word' id='word_1_29' title='bbox 358 735 392 798; x_wconf 92' lang='lat' dir='ltr'>in</span> <span class='ocrx_word' id='word_1_30' title='bbox 420 734 537 818; x_wconf 93' lang='lat' dir='ltr'>quoius</span> <span class='ocrx_word' id='word_1_31' title='bbox 560 735 699 799; x_wconf 83' lang='lat' dir='ltr'>victoria</span> <span class='ocrx_word' id='word_1_32' title='bbox 721 735 809 800; x_wconf 89' lang='lat' dir='ltr'>salus</span> <span class='ocrx_word' id='word_1_33' title='bbox 831 740 946 799; x_wconf 91' lang='lat' dir='ltr'>nostra</span> <span class='ocrx_word' id='word_1_34' title='bbox 969 739 1033 816; x_wconf 90' lang='lat' dir='ltr'>est,</span> <span class='ocrx_word' id='word_1_35' title='bbox 1060 736 1166 801; x_wconf 91' lang='lat' dir='ltr'>odisse</span> <span class='ocrx_word' id='word_1_36' title='bbox 1195 741 1252 802; x_wconf 92' lang='lat' dir='ltr'>aut</span> <span class='ocrx_word' id='word_1_37' title='bbox 1279 738 1460 822; x_wconf 82' lang='lat' dir='ltr'><strong>relinquere</strong></span> 
     </span>
     <span class='ocr_line' id='line_1_5' title="bbox 185 841 1462 929; baseline 0 -21"><span class='ocrx_word' id='word_1_38' title='bbox 185 863 342 928; x_wconf 79' lang='lat' dir='ltr'><strong>cogamur</strong></span> <span class='ocrx_word' id='word_1_39' title='bbox 360 845 417 906; x_wconf 95' lang='lat' dir='ltr'>aut</span> <span class='ocrx_word' id='word_1_40' title='bbox 435 841 557 926; x_wconf 82' lang='lat' dir='ltr'>inpiam</span> <span class='ocrx_word' id='word_1_41' title='bbox 578 842 790 926; x_wconf 74' lang='lat' dir='ltr'>cupiditatem</span> <span class='ocrx_word' id='word_1_42' title='bbox 809 848 925 907; x_wconf 89' lang='lat' dir='ltr'>contra</span> <span class='ocrx_word' id='word_1_43' title='bbox 944 841 1084 907; x_wconf 85' lang='lat' dir='ltr'>salutem</span> <span class='ocrx_word' id='word_1_44' title='bbox 1102 847 1193 908; x_wconf 90' lang='lat' dir='ltr'>tuam</span> <span class='ocrx_word' id='word_1_45' title='bbox 1211 843 1390 908; x_wconf 86' lang='lat' dir='ltr'>habeamus</span> <span class='ocrx_word' id='word_1_46' title='bbox 1406 869 1462 929; x_wconf 80' lang='lat'>-3</span> 
     </span>
     <span class='ocr_line' id='line_1_6' title="bbox 159 948 1462 1035; baseline 0.002 -21"><span class='ocrx_word' id='word_1_47' title='bbox 159 950 323 1034; x_wconf 68' lang='lat' dir='ltr'>saeuique</span> <span class='ocrx_word' id='word_1_48' title='bbox 351 948 433 1013; x_wconf 91' lang='lat' dir='ltr'>illud</span> <span class='ocrx_word' id='word_1_49' title='bbox 460 949 582 1034; x_wconf 83' lang='lat' dir='ltr'>cogita:</span> <span class='ocrx_word' id='word_1_50' title='bbox 616 949 702 1034; x_wconf 93' lang='lat' dir='ltr'>quod</span> <span class='ocrx_word' id='word_1_51' title='bbox 730 949 870 1014; x_wconf 85' lang='lat' dir='ltr'>offensae</span> <span class='ocrx_word' id='word_1_52' title='bbox 898 948 999 1013; x_wconf 83' lang='lat' dir='ltr'>fuerit</span> <span class='ocrx_word' id='word_1_53' title='bbox 1026 949 1060 1013; x_wconf 92' lang='lat' dir='ltr'>in</span> <span class='ocrx_word' id='word_1_54' title='bbox 1087 950 1153 1015; x_wconf 92' lang='lat' dir='ltr'>ista</span> <span class='ocrx_word' id='word_1_55' title='bbox 1181 951 1400 1035; x_wconf 74' lang='lat' dir='ltr'>cunctatione,</span> <span class='ocrx_word' id='word_1_56' title='bbox 1429 955 1462 1016; x_wconf 90' lang='lat' dir='ltr'>te</span> 
     </span>
     <span class='ocr_line' id='line_1_7' title="bbox 187 1055 1462 1142; baseline 0 -21"><span class='ocrx_word' id='word_1_57' title='bbox 187 1058 327 1142; x_wconf 72' lang='lat' dir='ltr'>subisse,</span> <span class='ocrx_word' id='word_1_58' title='bbox 358 1079 445 1121; x_wconf 91' lang='lat' dir='ltr'>nunc</span> <span class='ocrx_word' id='word_1_59' title='bbox 478 1061 510 1120; x_wconf 89' lang='lat' dir='ltr'>te</span> <span class='ocrx_word' id='word_1_60' title='bbox 541 1060 655 1121; x_wconf 90' lang='lat' dir='ltr'>contra</span> <span class='ocrx_word' id='word_1_61' title='bbox 685 1057 843 1122; x_wconf 83' lang='lat' dir='ltr'>victorem</span> <span class='ocrx_word' id='word_1_62' title='bbox 873 1055 1044 1122; x_wconf 79' lang='lat' dir='ltr'>Caesarem</span> <span class='ocrx_word' id='word_1_63' title='bbox 1076 1056 1196 1140; x_wconf 89' lang='lat' dir='ltr'>facere,</span> <span class='ocrx_word' id='word_1_64' title='bbox 1229 1079 1323 1142; x_wconf 91' lang='lat' dir='ltr'>quem</span> <span class='ocrx_word' id='word_1_65' title='bbox 1354 1058 1462 1122; x_wconf 90' lang='lat' dir='ltr'>dubiis</span> 
     </span>
     <span class='ocr_line' id='line_1_8' title="bbox 188 1162 1462 1249; baseline -0.001 -20"><span class='ocrx_word' id='word_1_66' title='bbox 188 1165 284 1230; x_wconf 89' lang='lat' dir='ltr'>rebus</span> <span class='ocrx_word' id='word_1_67' title='bbox 307 1165 435 1229; x_wconf 89' lang='lat' dir='ltr'>laedere</span> <span class='ocrx_word' id='word_1_68' title='bbox 458 1162 604 1246; x_wconf 91' lang='lat' dir='ltr'>noluisti,</span> <span class='ocrx_word' id='word_1_69' title='bbox 631 1167 665 1228; x_wconf 90' lang='lat' dir='ltr'>et</span> <span class='ocrx_word' id='word_1_70' title='bbox 689 1163 728 1226; x_wconf 86' lang='lat' dir='ltr'>ad</span> <span class='ocrx_word' id='word_1_71' title='bbox 752 1184 807 1228; x_wconf 90' lang='lat' dir='ltr'>eos</span> <span class='ocrx_word' id='word_1_72' title='bbox 831 1162 962 1248; x_wconf 81' lang='lat' dir='ltr'>fugatos</span> <span class='ocrx_word' id='word_1_73' title='bbox 987 1163 1147 1247; x_wconf 79' lang='lat' dir='ltr'>accedere,</span> <span class='ocrx_word' id='word_1_74' title='bbox 1174 1185 1255 1249; x_wconf 91' lang='lat' dir='ltr'>quos</span> <span class='ocrx_word' id='word_1_75' title='bbox 1279 1163 1462 1228; x_wconf 88' lang='lat' dir='ltr'>resistentis</span> 
     </span>
     <span class='ocr_line' id='line_1_9' title="bbox 187 1270 1463 1357; baseline 0 -21"><span class='ocrx_word' id='word_1_76' title='bbox 187 1273 279 1356; x_wconf 86' lang='lat' dir='ltr'>sequi</span> <span class='ocrx_word' id='word_1_77' title='bbox 311 1271 468 1355; x_wconf 87' lang='lat' dir='ltr'>nolueris,</span> <span class='ocrx_word' id='word_1_78' title='bbox 501 1293 647 1335; x_wconf 89' lang='lat' dir='ltr'>summae</span> <span class='ocrx_word' id='word_1_79' title='bbox 681 1270 843 1335; x_wconf 80' lang='lat' dir='ltr'>stultitiae</span> <span class='ocrx_word' id='word_1_80' title='bbox 877 1274 936 1334; x_wconf 89' lang='lat' dir='ltr'>est.</span> <span class='ocrx_word' id='word_1_81' title='bbox 987 1270 1071 1355; x_wconf 82' lang='lat' dir='ltr'>vide,</span> <span class='ocrx_word' id='word_1_82' title='bbox 1103 1293 1158 1357; x_wconf 90' lang='lat' dir='ltr'>ne,</span> <span class='ocrx_word' id='word_1_83' title='bbox 1190 1271 1273 1356; x_wconf 68' lang='lat' dir='ltr'>dum</span> <span class='ocrx_word' id='word_1_84' title='bbox 1298 1272 1398 1355; x_wconf 90' lang='lat' dir='ltr'>pudet</span> <span class='ocrx_word' id='word_1_85' title='bbox 1430 1276 1463 1336; x_wconf 90' lang='lat' dir='ltr'>te</span> 
     </span>
     <span class='ocr_line' id='line_1_10' title="bbox 188 1376 1464 1464; baseline 0 -21"><span class='ocrx_word' id='word_1_86' title='bbox 188 1401 304 1463; x_wconf 92' lang='lat' dir='ltr'>parum</span> <span class='ocrx_word' id='word_1_87' title='bbox 327 1379 521 1464; x_wconf 86' lang='lat' dir='ltr'>optimatem</span> <span class='ocrx_word' id='word_1_88' title='bbox 545 1399 624 1462; x_wconf 89' lang='lat' dir='ltr'>esso,</span> <span class='ocrx_word' id='word_1_89' title='bbox 646 1399 763 1461; x_wconf 89' lang='lat' dir='ltr'>parum</span> <span class='ocrx_word' id='word_1_90' title='bbox 787 1376 970 1462; x_wconf 83' lang='lat' dir='ltr'>diligenter,</span> <span class='ocrx_word' id='word_1_91' title='bbox 993 1377 1071 1460; x_wconf 91' lang='lat' dir='ltr'>quid</span> <span class='ocrx_word' id='word_1_92' title='bbox 1094 1377 1256 1461; x_wconf 91' lang='lat' dir='ltr'>optimum</span> <span class='ocrx_word' id='word_1_93' title='bbox 1276 1377 1328 1458; x_wconf 93' lang='lat' dir='ltr'>sit,</span> <span class='ocrx_word' id='word_1_94' title='bbox 1351 1378 1464 1464; x_wconf 82' lang='lat' dir='ltr'>eligas.</span> 
     </span>
     <span class='ocr_line' id='line_1_11' title="bbox 144 1483 1499 1570; baseline -0.001 -20"><span class='ocrx_word' id='word_1_95' title='bbox 144 1504 176 1542; x_wconf 80' lang='lat'>10</span> <span class='ocrx_word' id='word_1_96' title='bbox 190 1487 275 1570; x_wconf 89' lang='lat' dir='ltr'>quod</span> <span class='ocrx_word' id='word_1_97' title='bbox 299 1486 328 1550; x_wconf 93' lang='lat' dir='ltr'>si</span> <span class='ocrx_word' id='word_1_98' title='bbox 352 1491 459 1551; x_wconf 92' lang='lat' dir='ltr'>totum</span> <span class='ocrx_word' id='word_1_99' title='bbox 483 1484 546 1549; x_wconf 91' lang='lat' dir='ltr'>tibi</span> <span class='ocrx_word' id='word_1_100' title='bbox 568 1484 761 1570; x_wconf 87' lang='lat' dir='ltr'>persuadere</span> <span class='ocrx_word' id='word_1_101' title='bbox 784 1505 850 1548; x_wconf 91' lang='lat' dir='ltr'>non</span> <span class='ocrx_word' id='word_1_102' title='bbox 873 1505 1021 1569; x_wconf 89' lang='lat' dir='ltr'>possum,</span> <span class='ocrx_word' id='word_1_103' title='bbox 1049 1483 1178 1565; x_wconf 87' lang='lat' dir='ltr'>saltem,</span> <span class='ocrx_word' id='word_1_104' title='bbox 1205 1484 1295 1565; x_wconf 90' lang='lat' dir='ltr'>dum,</span> <span class='ocrx_word' id='word_1_105' title='bbox 1324 1485 1401 1569; x_wconf 93' lang='lat' dir='ltr'>quid</span> <span class='ocrx_word' id='word_1_106' title='bbox 1424 1484 1499 1550; x_wconf 79' lang='lat' dir='ltr'>des</span> 
     </span>
     <span class='ocr_line' id='line_1_12' title="bbox 189 1589 1466 1679; baseline -0.002 -21"><span class='ocrx_word' id='word_1_107' title='bbox 189 1591 357 1678; x_wconf 85' lang='lat' dir='ltr'>Hispaniis</span> <span class='ocrx_word' id='word_1_108' title='bbox 382 1614 527 1679; x_wconf 81' lang='lat' dir='ltr'>agamus,</span> <span class='ocrx_word' id='word_1_109' title='bbox 555 1591 666 1676; x_wconf 88' lang='lat' dir='ltr'>scitur,</span> <span class='ocrx_word' id='word_1_110' title='bbox 694 1594 859 1674; x_wconf 81' lang='lat' dir='ltr'>exspecta3</span> <span class='ocrx_word' id='word_1_111' title='bbox 892 1612 973 1674; x_wconf 88' lang='lat' dir='ltr'>quas</span> <span class='ocrx_word' id='word_1_112' title='bbox 1000 1589 1062 1653; x_wconf 92' lang='lat' dir='ltr'>tibi</span> <span class='ocrx_word' id='word_1_113' title='bbox 1085 1591 1200 1655; x_wconf 91' lang='lat' dir='ltr'>nuntio</span> <span class='ocrx_word' id='word_1_114' title='bbox 1224 1590 1365 1655; x_wconf 90' lang='lat' dir='ltr'>adventu</span> <span class='ocrx_word' id='word_1_115' title='bbox 1389 1589 1466 1656; x_wconf 82' lang='lat' dir='ltr'>Cae·</span> 
     </span>
     <span class='ocr_line' id='line_1_13' title="bbox 190 1696 1466 1783; baseline 0.001 -20"><span class='ocrx_word' id='word_1_116' title='bbox 190 1699 271 1764; x_wconf 89' lang='lat' dir='ltr'>saris</span> <span class='ocrx_word' id='word_1_117' title='bbox 308 1700 377 1764; x_wconf 86' lang='lat' dir='ltr'>fore</span> <span class='ocrx_word' id='word_1_118' title='bbox 410 1703 547 1764; x_wconf 88' lang='lat' dir='ltr'>nostras.</span> <span class='ocrx_word' id='word_1_119' title='bbox 604 1721 701 1783; x_wconf 90' lang='lat' dir='ltr'>quam</span> <span class='ocrx_word' id='word_1_120' title='bbox 737 1699 795 1763; x_wconf 92' lang='lat' dir='ltr'>isti</span> <span class='ocrx_word' id='word_1_121' title='bbox 827 1719 919 1782; x_wconf 90' lang='lat' dir='ltr'>spem</span> <span class='ocrx_word' id='word_1_122' title='bbox 949 1696 1093 1761; x_wconf 84' lang='lat' dir='ltr'>habeant</span> <span class='ocrx_word' id='word_1_123' title='bbox 1126 1696 1255 1762; x_wconf 88' lang='lat' dir='ltr'>amissis</span> <span class='ocrx_word' id='word_1_124' title='bbox 1287 1697 1466 1783; x_wconf 84' lang='lat' dir='ltr'>Hispaniis,</span> 
     </span>
     <span class='ocr_line' id='line_1_14' title="bbox 190 1804 1467 1892; baseline 0.001 -23"><span class='ocrx_word' id='word_1_125' title='bbox 190 1805 313 1892; x_wconf 74' lang='lat' dir='ltr'>nescio,</span> <span class='ocrx_word' id='word_1_126' title='bbox 335 1806 423 1891; x_wconf 93' lang='lat' dir='ltr'>quod</span> <span class='ocrx_word' id='word_1_127' title='bbox 441 1828 538 1891; x_wconf 88' lang='lat' dir='ltr'>porro</span> <span class='ocrx_word' id='word_1_128' title='bbox 560 1809 653 1869; x_wconf 91' lang='lat' dir='ltr'>tuum</span> <span class='ocrx_word' id='word_1_129' title='bbox 676 1805 849 1870; x_wconf 92' lang='lat' dir='ltr'>consilium</span> <span class='ocrx_word' id='word_1_130' title='bbox 874 1804 918 1868; x_wconf 88' lang='lat' dir='ltr'>sit</span> <span class='ocrx_word' id='word_1_131' title='bbox 941 1804 982 1868; x_wconf 91' lang='lat' dir='ltr'>ad</span> <span class='ocrx_word' id='word_1_132' title='bbox 1005 1804 1193 1888; x_wconf 89' lang='lat' dir='ltr'>desperatos</span> <span class='ocrx_word' id='word_1_133' title='bbox 1217 1806 1375 1888; x_wconf 87' lang='lat' dir='ltr'>accedere,</span> <span class='ocrx_word' id='word_1_134' title='bbox 1400 1828 1467 1870; x_wconf 91' lang='lat' dir='ltr'>non</span> 
     </span>
     <span class='ocr_line' id='line_1_15' title="bbox 190 1910 1502 1998; baseline -0.002 -20"><span class='ocrx_word' id='word_1_135' title='bbox 190 1913 434 1978; x_wconf 90' lang='lat' dir='ltr'>mediusfidius</span> <span class='ocrx_word' id='word_1_136' title='bbox 458 1913 593 1997; x_wconf 82' lang='lat' dir='ltr'>reperio</span> <span class='ocrx_word' id='word_1_137' title='bbox 638 1912 715 1997; x_wconf 92' lang='lat' dir='ltr'>hoc,</span> <span class='ocrx_word' id='word_1_138' title='bbox 743 1911 827 1996; x_wconf 92' lang='lat' dir='ltr'>quod</span> <span class='ocrx_word' id='word_1_139' title='bbox 852 1915 889 1975; x_wconf 92' lang='lat' dir='ltr'>tu</span> <span class='ocrx_word' id='word_1_140' title='bbox 911 1931 978 1976; x_wconf 91' lang='lat' dir='ltr'>non</span> <span class='ocrx_word' id='word_1_141' title='bbox 1001 1911 1135 1975; x_wconf 87' lang='lat' dir='ltr'>dicendo</span> <span class='ocrx_word' id='word_1_142' title='bbox 1159 1910 1239 1976; x_wconf 91' lang='lat' dir='ltr'>mihi</span> <span class='ocrx_word' id='word_1_143' title='bbox 1263 1910 1502 1998; x_wconf 69' lang='lat' dir='ltr'>significastis</span> 
     </span>
     <span class='ocr_line' id='line_1_16' title="bbox 154 2016 1467 2104; baseline -0.002 -18"><span class='ocrx_word' id='word_1_144' title='bbox 154 2035 178 2075; x_wconf 83' lang='lat'>¹⁵</span> <span class='ocrx_word' id='word_1_145' title='bbox 192 2019 312 2086; x_wconf 83' lang='lat' dir='ltr'>Caesar</span> <span class='ocrx_word' id='word_1_146' title='bbox 334 2020 483 2084; x_wconf 88' lang='lat' dir='ltr'>audierat</span> <span class='ocrx_word' id='word_1_147' title='bbox 506 2042 556 2102; x_wconf 89' lang='lat' dir='ltr'>ac,</span> <span class='ocrx_word' id='word_1_148' title='bbox 583 2019 779 2104; x_wconf 89' lang='lat' dir='ltr'>simulatque</span> <span class='ocrx_word' id='word_1_149' title='bbox 803 2016 918 2083; x_wconf 74' lang='lat' dir='ltr'>‘have’</span> <span class='ocrx_word' id='word_1_150' title='bbox 941 2017 1022 2082; x_wconf 92' lang='lat' dir='ltr'>mihi</span> <span class='ocrx_word' id='word_1_151' title='bbox 1045 2017 1142 2100; x_wconf 86' lang='lat' dir='ltr'>dixit,</span> <span class='ocrx_word' id='word_1_152' title='bbox 1171 2019 1298 2102; x_wconf 89' lang='lat' dir='ltr'>statim,</span> <span class='ocrx_word' id='word_1_153' title='bbox 1327 2019 1404 2102; x_wconf 93' lang='lat' dir='ltr'>quid</span> <span class='ocrx_word' id='word_1_154' title='bbox 1428 2019 1467 2084; x_wconf 94' lang='lat' dir='ltr'>de</span> 
     </span>
     <span class='ocr_line' id='line_1_17' title="bbox 192 2125 1468 2211; baseline -0.001 -20"><span class='ocrx_word' id='word_1_155' title='bbox 192 2132 224 2191; x_wconf 89' lang='lat' dir='ltr'>te</span> <span class='ocrx_word' id='word_1_156' title='bbox 248 2127 407 2210; x_wconf 90' lang='lat' dir='ltr'>audisset,</span> <span class='ocrx_word' id='word_1_157' title='bbox 435 2127 599 2211; x_wconf 82' lang='lat' dir='ltr'>exposuit:</span> <span class='ocrx_word' id='word_1_158' title='bbox 629 2125 747 2211; x_wconf 82' lang='lat' dir='ltr'>negavi</span> <span class='ocrx_word' id='word_1_159' title='bbox 770 2147 821 2189; x_wconf 93' lang='lat' dir='ltr'>me</span> <span class='ocrx_word' id='word_1_160' title='bbox 846 2126 943 2210; x_wconf 91' lang='lat' dir='ltr'>scire,</span> <span class='ocrx_word' id='word_1_161' title='bbox 971 2125 1028 2189; x_wconf 90' lang='lat' dir='ltr'>sed</span> <span class='ocrx_word' id='word_1_162' title='bbox 1051 2129 1160 2189; x_wconf 87' lang='lat' dir='ltr'>tamen</span> <span class='ocrx_word' id='word_1_163' title='bbox 1183 2125 1224 2189; x_wconf 91' lang='lat' dir='ltr'>ab</span> <span class='ocrx_word' id='word_1_164' title='bbox 1248 2148 1286 2190; x_wconf 88' lang='lat' dir='ltr'>co</span> <span class='ocrx_word' id='word_1_165' title='bbox 1310 2126 1402 2210; x_wconf 82' lang='lat' dir='ltr'>petii,</span> <span class='ocrx_word' id='word_1_166' title='bbox 1430 2131 1468 2190; x_wconf 92' lang='lat' dir='ltr'>ut</span> 
     </span>
     <span class='ocr_line' id='line_1_18' title="bbox 193 2231 1469 2319; baseline -0.001 -21"><span class='ocrx_word' id='word_1_167' title='bbox 193 2234 232 2298; x_wconf 85' lang='lat' dir='ltr'>ad</span> <span class='ocrx_word' id='word_1_168' title='bbox 255 2238 288 2298; x_wconf 91' lang='lat' dir='ltr'>te</span> <span class='ocrx_word' id='word_1_169' title='bbox 311 2234 441 2298; x_wconf 85' lang='lat' dir='ltr'>litteras</span> <span class='ocrx_word' id='word_1_170' title='bbox 465 2234 623 2319; x_wconf 88' lang='lat' dir='ltr'>mitteret,</span> <span class='ocrx_word' id='word_1_171' title='bbox 648 2233 766 2317; x_wconf 90' lang='lat' dir='ltr'>quibus</span> <span class='ocrx_word' id='word_1_172' title='bbox 790 2233 929 2297; x_wconf 83' lang='lat' dir='ltr'>maxime</span> <span class='ocrx_word' id='word_1_173' title='bbox 954 2231 993 2296; x_wconf 93' lang='lat' dir='ltr'>ad</span> <span class='ocrx_word' id='word_1_174' title='bbox 1018 2232 1248 2296; x_wconf 88' lang='lat' dir='ltr'>remanendum</span> <span class='ocrx_word' id='word_1_175' title='bbox 1272 2233 1469 2297; x_wconf 80' lang='lat' dir='ltr'>commoveri</span> 
     </span>
     <span class='ocr_line' id='line_1_19' title="bbox 192 2338 1468 2425; baseline -0.001 -20"><span class='ocrx_word' id='word_1_176' title='bbox 192 2362 314 2425; x_wconf 89' lang='lat' dir='ltr'>posses.</span> <span class='ocrx_word' id='word_1_177' title='bbox 360 2363 411 2405; x_wconf 91' lang='lat' dir='ltr'>me</span> <span class='ocrx_word' id='word_1_178' title='bbox 435 2363 545 2406; x_wconf 87' lang='lat' dir='ltr'>secum</span> <span class='ocrx_word' id='word_1_179' title='bbox 569 2341 603 2404; x_wconf 91' lang='lat' dir='ltr'>in</span> <span class='ocrx_word' id='word_1_180' title='bbox 625 2338 821 2424; x_wconf 88' lang='lat' dir='ltr'>Hispaniam</span> <span class='ocrx_word' id='word_1_181' title='bbox 844 2338 946 2423; x_wconf 81' lang='lat' dir='ltr'>ducit3</span> <span class='ocrx_word' id='word_1_182' title='bbox 979 2360 1068 2422; x_wconf 91' lang='lat' dir='ltr'>nam,</span> <span class='ocrx_word' id='word_1_183' title='bbox 1091 2339 1155 2402; x_wconf 91' lang='lat' dir='ltr'>nisi</span> <span class='ocrx_word' id='word_1_184' title='bbox 1177 2339 1227 2403; x_wconf 89' lang='lat' dir='ltr'>ita</span> <span class='ocrx_word' id='word_1_185' title='bbox 1249 2339 1384 2424; x_wconf 89' lang='lat' dir='ltr'>faceret,</span> <span class='ocrx_word' id='word_1_186' title='bbox 1407 2360 1468 2424; x_wconf 81' lang='lat' dir='ltr'>ego</span> 
     </span>
     <span class='ocr_line' id='line_1_20' title="bbox 194 2446 1470 2532; baseline -0.002 -20"><span class='ocrx_word' id='word_1_187' title='bbox 194 2446 296 2531; x_wconf 90' lang='lat' dir='ltr'>prius,</span> <span class='ocrx_word' id='word_1_188' title='bbox 325 2469 423 2532; x_wconf 90' lang='lat' dir='ltr'>quam</span> <span class='ocrx_word' id='word_1_189' title='bbox 446 2448 485 2512; x_wconf 89' lang='lat' dir='ltr'>ad</span> <span class='ocrx_word' id='word_1_190' title='bbox 510 2449 625 2512; x_wconf 87' lang='lat' dir='ltr'>arbem</span> <span class='ocrx_word' id='word_1_191' title='bbox 649 2447 848 2530; x_wconf 88' lang='lat' dir='ltr'>accederem,</span> <span class='ocrx_word' id='word_1_192' title='bbox 876 2446 1070 2529; x_wconf 87' lang='lat' dir='ltr'>ubicumque</span> <span class='ocrx_word' id='word_1_193' title='bbox 1095 2467 1197 2530; x_wconf 88' lang='lat' dir='ltr'>esses,</span> <span class='ocrx_word' id='word_1_194' title='bbox 1222 2446 1261 2510; x_wconf 88' lang='lat' dir='ltr'>ad</span> <span class='ocrx_word' id='word_1_195' title='bbox 1286 2450 1319 2511; x_wconf 90' lang='lat' dir='ltr'>te</span> <span class='ocrx_word' id='word_1_196' title='bbox 1342 2469 1470 2531; x_wconf 89' lang='lat' dir='ltr'>percur-</span> 
     </span>
     <span class='ocr_line' id='line_1_21' title="bbox 157 2553 1471 2639; baseline -0.001 -21"><span class='ocrx_word' id='word_1_197' title='bbox 157 2555 308 2619; x_wconf 77' lang='lat' dir='ltr'>mrisscm</span> <span class='ocrx_word' id='word_1_198' title='bbox 337 2558 370 2618; x_wconf 89' lang='lat' dir='ltr'>et</span> <span class='ocrx_word' id='word_1_199' title='bbox 396 2554 459 2619; x_wconf 93' lang='lat' dir='ltr'>hoc</span> <span class='ocrx_word' id='word_1_200' title='bbox 483 2577 503 2618; x_wconf 88' lang='lat' dir='ltr'>a</span> <span class='ocrx_word' id='word_1_201' title='bbox 525 2560 559 2619; x_wconf 94' lang='lat' dir='ltr'>te</span> <span class='ocrx_word' id='word_1_202' title='bbox 586 2576 739 2639; x_wconf 89' lang='lat' dir='ltr'>praesens</span> <span class='ocrx_word' id='word_1_203' title='bbox 769 2554 1007 2618; x_wconf 88' lang='lat' dir='ltr'>contendissem</span> <span class='ocrx_word' id='word_1_204' title='bbox 1036 2557 1134 2637; x_wconf 89' lang='lat' dir='ltr'>atque</span> <span class='ocrx_word' id='word_1_205' title='bbox 1163 2553 1251 2617; x_wconf 91' lang='lat' dir='ltr'>omni</span> <span class='ocrx_word' id='word_1_206' title='bbox 1281 2553 1312 2617; x_wconf 88' lang='lat' dir='ltr'>vi</span> <span class='ocrx_word' id='word_1_207' title='bbox 1340 2558 1373 2618; x_wconf 90' lang='lat' dir='ltr'>te</span> <span class='ocrx_word' id='word_1_208' title='bbox 1396 2555 1471 2619; x_wconf 90' lang='lat' dir='ltr'>reti-</span> 
     </span>
     <span class='ocr_line' id='line_1_22' title="bbox 194 2659 1506 2746; baseline 0.001 -22"><span class='ocrx_word' id='word_1_209' title='bbox 194 2659 346 2726; x_wconf 90' lang='lat' dir='ltr'>nuissem.</span> <span class='ocrx_word' id='word_1_210' title='bbox 391 2661 490 2726; x_wconf 90' lang='lat' dir='ltr'>etiam</span> <span class='ocrx_word' id='word_1_211' title='bbox 514 2666 612 2746; x_wconf 89' lang='lat' dir='ltr'>atque</span> <span class='ocrx_word' id='word_1_212' title='bbox 637 2662 750 2745; x_wconf 90' lang='lat' dir='ltr'>stiam,</span> <span class='ocrx_word' id='word_1_213' title='bbox 779 2660 907 2742; x_wconf 80' lang='lat' dir='ltr'>Cicero,</span> <span class='ocrx_word' id='word_1_214' title='bbox 931 2659 1054 2745; x_wconf 83' lang='lat' dir='ltr'>cogita,</span> <span class='ocrx_word' id='word_1_215' title='bbox 1081 2681 1121 2723; x_wconf 91' lang='lat' dir='ltr'>ne</span> <span class='ocrx_word' id='word_1_216' title='bbox 1145 2663 1178 2723; x_wconf 87' lang='lat' dir='ltr'>te</span> <span class='ocrx_word' id='word_1_217' title='bbox 1203 2664 1341 2744; x_wconf 88' lang='lat' dir='ltr'>tuosque</span> <span class='ocrx_word' id='word_1_218' title='bbox 1365 2661 1506 2725; x_wconf 77' lang='lat' dir='ltr'>omniss</span> 
     </span>
     <span class='ocr_line' id='line_1_23' title="bbox 195 2767 1472 2852; baseline -0.001 -20"><span class='ocrx_word' id='word_1_219' title='bbox 195 2767 340 2833; x_wconf 84' lang='lat' dir='ltr'>funditus</span> <span class='ocrx_word' id='word_1_220' title='bbox 365 2773 501 2850; x_wconf 81' lang='lat' dir='ltr'>evertas,</span> <span class='ocrx_word' id='word_1_221' title='bbox 524 2790 564 2832; x_wconf 87' lang='lat' dir='ltr'>ne</span> <span class='ocrx_word' id='word_1_222' title='bbox 583 2772 616 2833; x_wconf 90' lang='lat' dir='ltr'>te</span> <span class='ocrx_word' id='word_1_223' title='bbox 636 2769 741 2833; x_wconf 88' lang='lat' dir='ltr'>sciens</span> <span class='ocrx_word' id='word_1_224' title='bbox 765 2768 970 2852; x_wconf 88' lang='lat' dir='ltr'>prudensque</span> <span class='ocrx_word' id='word_1_225' title='bbox 994 2789 1031 2831; x_wconf 92' lang='lat' dir='ltr'>eo</span> <span class='ocrx_word' id='word_1_226' title='bbox 1056 2767 1219 2848; x_wconf 91' lang='lat' dir='ltr'>demittas,</span> <span class='ocrx_word' id='word_1_227' title='bbox 1241 2767 1325 2831; x_wconf 89' lang='lat' dir='ltr'>unde</span> <span class='ocrx_word' id='word_1_228' title='bbox 1348 2768 1472 2832; x_wconf 83' lang='lat' dir='ltr'>exitum</span> 
     </span>
     <span class='ocr_line' id='line_1_24' title="bbox 197 2873 1473 2959; baseline 0 -22"><span class='ocrx_word' id='word_1_229' title='bbox 197 2874 284 2940; x_wconf 83' lang='lat' dir='ltr'>vides</span> <span class='ocrx_word' id='word_1_230' title='bbox 311 2874 438 2939; x_wconf 91' lang='lat' dir='ltr'>nullum</span> <span class='ocrx_word' id='word_1_231' title='bbox 467 2897 546 2940; x_wconf 87' lang='lat' dir='ltr'>csse.</span> <span class='ocrx_word' id='word_1_232' title='bbox 593 2875 678 2959; x_wconf 93' lang='lat' dir='ltr'>quod</span> <span class='ocrx_word' id='word_1_233' title='bbox 707 2875 735 2938; x_wconf 90' lang='lat' dir='ltr'>si</span> <span class='ocrx_word' id='word_1_234' title='bbox 759 2879 791 2938; x_wconf 89' lang='lat' dir='ltr'>te</span> <span class='ocrx_word' id='word_1_235' title='bbox 820 2879 877 2938; x_wconf 92' lang='lat' dir='ltr'>aut</span> <span class='ocrx_word' id='word_1_236' title='bbox 906 2895 1000 2938; x_wconf 86' lang='lat' dir='ltr'>voces</span> <span class='ocrx_word' id='word_1_237' title='bbox 1030 2873 1240 2957; x_wconf 90' lang='lat' dir='ltr'>optimatium</span> <span class='ocrx_word' id='word_1_238' title='bbox 1267 2878 1473 2939; x_wconf 85' lang='lat' dir='ltr'>commovent</span> 
     </span>
     <span class='ocr_line' id='line_1_25' title="bbox 196 2980 1474 3047; baseline 0.001 -2"><span class='ocrx_word' id='word_1_239' title='bbox 196 2987 251 3046; x_wconf 93' lang='lat' dir='ltr'>aut</span> <span class='ocrx_word' id='word_1_240' title='bbox 283 2982 515 3047; x_wconf 89' lang='lat' dir='ltr'>nonnullorum</span> <span class='ocrx_word' id='word_1_241' title='bbox 547 2982 716 3046; x_wconf 89' lang='lat' dir='ltr'>hominum</span> <span class='ocrx_word' id='word_1_242' title='bbox 748 2981 958 3046; x_wconf 89' lang='lat' dir='ltr'>insolentiam</span> <span class='ocrx_word' id='word_1_243' title='bbox 989 2985 1022 3044; x_wconf 90' lang='lat' dir='ltr'>et</span> <span class='ocrx_word' id='word_1_244' title='bbox 1048 2981 1261 3045; x_wconf 87' lang='lat' dir='ltr'>iactationem</span> <span class='ocrx_word' id='word_1_245' title='bbox 1293 2980 1377 3045; x_wconf 90' lang='lat' dir='ltr'>ferre</span> <span class='ocrx_word' id='word_1_246' title='bbox 1407 3004 1474 3046; x_wconf 93' lang='lat' dir='ltr'>non</span> 
     </span>
     <span class='ocr_line' id='line_1_26' title="bbox 165 3087 1474 3175; baseline -0.001 -21"><span class='ocrx_word' id='word_1_247' title='bbox 165 3094 302 3172; x_wconf 78' lang='lat' dir='ltr'>apotes,</span> <span class='ocrx_word' id='word_1_248' title='bbox 336 3089 439 3175; x_wconf 84' lang='lat' dir='ltr'>eligas</span> <span class='ocrx_word' id='word_1_249' title='bbox 467 3111 582 3154; x_wconf 88' lang='lat' dir='ltr'>censeo</span> <span class='ocrx_word' id='word_1_250' title='bbox 610 3088 742 3173; x_wconf 87' lang='lat' dir='ltr'>aliquod</span> <span class='ocrx_word' id='word_1_251' title='bbox 771 3088 925 3173; x_wconf 92' lang='lat' dir='ltr'>oppidum</span> <span class='ocrx_word' id='word_1_252' title='bbox 955 3109 1091 3152; x_wconf 81' lang='lat' dir='ltr'>vacuum</span> <span class='ocrx_word' id='word_1_253' title='bbox 1115 3109 1134 3151; x_wconf 96' lang='lat' dir='ltr'>a</span> <span class='ocrx_word' id='word_1_254' title='bbox 1156 3087 1258 3171; x_wconf 92' lang='lat' dir='ltr'>bello,</span> <span class='ocrx_word' id='word_1_255' title='bbox 1290 3087 1367 3151; x_wconf 92' lang='lat' dir='ltr'>dum</span> <span class='ocrx_word' id='word_1_256' title='bbox 1394 3088 1474 3153; x_wconf 86' lang='lat' dir='ltr'>haec</span> 
     </span>
     <span class='ocr_line' id='line_1_27' title="bbox 197 3192 1474 3281; baseline 0 -21"><span class='ocrx_word' id='word_1_257' title='bbox 197 3195 424 3280; x_wconf 87' lang='lat' dir='ltr'>decernuntur,</span> <span class='ocrx_word' id='word_1_258' title='bbox 448 3218 531 3281; x_wconf 91' lang='lat' dir='ltr'>quae</span> <span class='ocrx_word' id='word_1_259' title='bbox 554 3196 620 3260; x_wconf 87' lang='lat' dir='ltr'>iarn</span> <span class='ocrx_word' id='word_1_260' title='bbox 644 3199 739 3260; x_wconf 89' lang='lat' dir='ltr'>erunt</span> <span class='ocrx_word' id='word_1_261' title='bbox 763 3195 918 3261; x_wconf 86' lang='lat' dir='ltr'>confecta</span> <span class='ocrx_word' id='word_1_262' title='bbox 963 3194 998 3258; x_wconf 95' lang='lat' dir='ltr'>id</span> <span class='ocrx_word' id='word_1_263' title='bbox 1021 3194 1050 3258; x_wconf 90' lang='lat' dir='ltr'>si</span> <span class='ocrx_word' id='word_1_264' title='bbox 1072 3192 1203 3278; x_wconf 82' lang='lat' dir='ltr'>feceris,</span> <span class='ocrx_word' id='word_1_265' title='bbox 1227 3198 1260 3258; x_wconf 87' lang='lat' dir='ltr'>et</span> <span class='ocrx_word' id='word_1_266' title='bbox 1283 3215 1345 3278; x_wconf 86' lang='lat' dir='ltr'>ego</span> <span class='ocrx_word' id='word_1_267' title='bbox 1368 3198 1402 3259; x_wconf 89' lang='lat' dir='ltr'>te</span> <span class='ocrx_word' id='word_1_268' title='bbox 1426 3217 1474 3260; x_wconf 90' lang='lat' dir='ltr'>sa-</span> 
     </span>
     <span class='ocr_line' id='line_1_28' title="bbox 197 3301 1153 3387; baseline -0.004 -18"><span class='ocrx_word' id='word_1_269' title='bbox 197 3303 324 3387; x_wconf 88' lang='lat' dir='ltr'>pienter</span> <span class='ocrx_word' id='word_1_270' title='bbox 346 3302 463 3369; x_wconf 86' lang='lat' dir='ltr'>fecisse</span> <span class='ocrx_word' id='word_1_271' title='bbox 485 3303 637 3368; x_wconf 88' lang='lat' dir='ltr'>iudicabo</span> <span class='ocrx_word' id='word_1_272' title='bbox 660 3307 695 3367; x_wconf 89' lang='lat' dir='ltr'>et</span> <span class='ocrx_word' id='word_1_273' title='bbox 717 3301 889 3368; x_wconf 82' lang='lat' dir='ltr'>Gaesarem</span> <span class='ocrx_word' id='word_1_274' title='bbox 913 3323 980 3366; x_wconf 91' lang='lat' dir='ltr'>non</span> <span class='ocrx_word' id='word_1_275' title='bbox 1002 3301 1153 3366; x_wconf 85' lang='lat' dir='ltr'>offendes.</span> 
     </span>
    </p>
   </div>
   <div class='ocr_carea' id='block_1_3' title="bbox 199 3530 1480 4441">
    <p class='ocr_par' dir='ltr' id='par_1_3' title="bbox 199 3530 1480 4441">
     <span class='ocr_line' id='line_1_29' title="bbox 284 3530 1476 3600; baseline 0.001 -15"><span class='ocrx_word' id='word_1_276' title='bbox 284 3539 310 3586; x_wconf 80' lang='lat'>2.</span> <span class='ocrx_word' id='word_1_277' title='bbox 335 3530 462 3586; x_wconf 89' lang='lat' dir='ltr'>ualemus</span> <span class='ocrx_word' id='word_1_278' title='bbox 485 3534 527 3600; x_wconf 91' lang='lat' dir='ltr'>A,</span> <span class='ocrx_word' id='word_1_279' title='bbox 553 3531 632 3587; x_wconf 88' lang='lat' dir='ltr'>ualet</span> <span class='ocrx_word' id='word_1_280' title='bbox 654 3532 696 3586; x_wconf 91' lang='lat' dir='ltr'>M.</span> <span class='ocrx_word' id='word_1_281' title='bbox 728 3532 763 3598; x_wconf 71' lang='lat' dir='ltr'>cs.</span> <span class='ocrx_word' id='word_1_282' title='bbox 788 3532 891 3587; x_wconf 77' lang='lat' dir='ltr'>Becher</span> <span class='ocrx_word' id='word_1_283' title='bbox 909 3548 938 3598; x_wconf 84' lang='lat' dir='ltr'>p.</span> <span class='ocrx_word' id='word_1_284' title='bbox 958 3535 993 3583; x_wconf 78' lang='lat'>23</span> <span class='ocrx_word' id='word_1_285' title='bbox 1020 3533 1029 3597; x_wconf 90' lang='grc' dir='ltr'>ΙΙ</span> <span class='ocrx_word' id='word_1_286' title='bbox 1056 3546 1174 3598; x_wconf 90' lang='lat' dir='ltr'>quorum</span> <span class='ocrx_word' id='word_1_287' title='bbox 1198 3530 1272 3597; x_wconf 89' lang='lat' dir='ltr'>AM,</span> <span class='ocrx_word' id='word_1_288' title='bbox 1301 3546 1396 3585; x_wconf 88' lang='lat' dir='ltr'>eorum</span> <span class='ocrx_word' id='word_1_289' title='bbox 1424 3534 1476 3586; x_wconf 80' lang='lat' dir='ltr'>alii</span> 
     </span>
     <span class='ocr_line' id='line_1_30' title="bbox 199 3600 1476 3673; baseline -0.002 -14"><span class='ocrx_word' id='word_1_290' title='bbox 199 3607 264 3672; x_wconf 76' lang='lat' dir='ltr'>(non</span> <span class='ocrx_word' id='word_1_291' title='bbox 278 3607 379 3673; x_wconf 63' lang='lat' dir='ltr'>Am.</span> <span class='ocrx_word' id='word_1_292' title='bbox 399 3603 477 3658; x_wconf 88' lang='lat' dir='ltr'>cuius</span> <span class='ocrx_word' id='word_1_293' title='bbox 492 3603 649 3668; x_wconf 77' lang='lat' dir='ltr'>Alodisse</span> <span class='ocrx_word' id='word_1_294' title='bbox 667 3621 702 3657; x_wconf 79' lang='lat' dir='ltr'>ec</span> <span class='ocrx_word' id='word_1_295' title='bbox 720 3602 816 3657; x_wconf 89' lang='lat' dir='ltr'>odiose</span> <span class='ocrx_word' id='word_1_296' title='bbox 834 3603 941 3668; x_wconf 73' lang='lat' dir='ltr'>A&#39;tt.</span> <span class='ocrx_word' id='word_1_297' title='bbox 961 3600 1167 3670; x_wconf 71' lang='lat' dir='ltr'>filarintAlld.</span> <span class='ocrx_word' id='word_1_298' title='bbox 1188 3600 1335 3655; x_wconf 83' lang='lat' dir='ltr'>Caesarem</span> <span class='ocrx_word' id='word_1_299' title='bbox 1353 3619 1404 3657; x_wconf 87' lang='lat' dir='ltr'>om.</span> <span class='ocrx_word' id='word_1_300' title='bbox 1421 3604 1456 3656; x_wconf 91' lang='lat' dir='ltr'>M</span> <span class='ocrx_word' id='word_1_301' title='bbox 1467 3605 1476 3668; x_wconf 80' lang='lat' dir='ltr'>q</span> 
     </span>
     <span class='ocr_line' id='line_1_31' title="bbox 199 3670 1476 3744; baseline -0.001 -15"><span class='ocrx_word' id='word_1_302' title='bbox 199 3692 280 3743; x_wconf 90' lang='lat' dir='ltr'>quem</span> <span class='ocrx_word' id='word_1_303' title='bbox 294 3676 331 3740; x_wconf 97' lang='lat' dir='ltr'>A,</span> <span class='ocrx_word' id='word_1_304' title='bbox 350 3692 436 3743; x_wconf 88' lang='lat' dir='ltr'>quam</span> <span class='ocrx_word' id='word_1_305' title='bbox 455 3675 491 3728; x_wconf 88' lang='lat' dir='ltr'><strong><em>M</em></strong></span> <span class='ocrx_word' id='word_1_306' title='bbox 500 3678 510 3744; x_wconf 73' lang='lat' dir='ltr'>ll</span> <span class='ocrx_word' id='word_1_307' title='bbox 525 3680 547 3729; x_wconf 77' lang='lat'>7.</span> <span class='ocrx_word' id='word_1_308' title='bbox 568 3691 638 3744; x_wconf 89' lang='lat' dir='ltr'>quos</span> <span class='ocrx_word' id='word_1_309' title='bbox 653 3675 711 3742; x_wconf 84' lang='lat' dir='ltr'>A’,</span> <span class='ocrx_word' id='word_1_310' title='bbox 737 3673 929 3743; x_wconf 74' lang='lat' dir='ltr'>quouA¹r1p</span> <span class='ocrx_word' id='word_1_311' title='bbox 944 3677 968 3726; x_wconf 88' lang='grc'>9.</span> <span class='ocrx_word' id='word_1_312' title='bbox 988 3670 1153 3742; x_wconf 89' lang='lat' dir='ltr'>optimatem</span> <span class='ocrx_word' id='word_1_313' title='bbox 1172 3673 1210 3739; x_wconf 87' lang='lat' dir='ltr'>A,</span> <span class='ocrx_word' id='word_1_314' title='bbox 1229 3671 1266 3725; x_wconf 90' lang='lat' dir='ltr'>ad</span> <span class='ocrx_word' id='word_1_315' title='bbox 1280 3673 1401 3742; x_wconf 89' lang='lat' dir='ltr'>optatim</span> <span class='ocrx_word' id='word_1_316' title='bbox 1420 3675 1458 3728; x_wconf 89' lang='lat' dir='ltr'>M</span> <span class='ocrx_word' id='word_1_317' title='bbox 1467 3680 1476 3717; x_wconf 60' lang='grc' dir='ltr'>’ῑ</span> 
     </span>
     <span class='ocr_line' id='line_1_32' title="bbox 199 3743 1476 3816; baseline 0 -17"><span class='ocrx_word' id='word_1_318' title='bbox 199 3744 293 3816; x_wconf 82' lang='lat' dir='ltr'>alogas</span> <span class='ocrx_word' id='word_1_319' title='bbox 312 3747 350 3801; x_wconf 93' lang='lat' dir='ltr'>M</span> <span class='ocrx_word' id='word_1_320' title='bbox 359 3750 369 3815; x_wconf 87' lang='grc' dir='ltr'>ΙΙ</span> <span class='ocrx_word' id='word_1_321' title='bbox 384 3752 425 3801; x_wconf 87' lang='lat'>10.</span> <span class='ocrx_word' id='word_1_322' title='bbox 445 3745 517 3801; x_wconf 89' lang='lat' dir='ltr'>salte</span> <span class='ocrx_word' id='word_1_323' title='bbox 536 3747 573 3800; x_wconf 90' lang='lat' dir='ltr'>M</span> <span class='ocrx_word' id='word_1_324' title='bbox 587 3749 597 3815; x_wconf 80' lang='lat' dir='ltr'>d</span> <span class='ocrx_word' id='word_1_325' title='bbox 618 3752 657 3801; x_wconf 91' lang='lat' dir='ltr'>ll.</span> <span class='ocrx_word' id='word_1_326' title='bbox 677 3744 805 3815; x_wconf 87' lang='lat' dir='ltr'>hispanis</span> <span class='ocrx_word' id='word_1_327' title='bbox 824 3744 889 3798; x_wconf 95' lang='lat' dir='ltr'>AM</span> <span class='ocrx_word' id='word_1_328' title='bbox 899 3747 908 3813; x_wconf 76' lang='lat' dir='ltr'>ll</span> <span class='ocrx_word' id='word_1_329' title='bbox 922 3743 1076 3797; x_wconf 85' lang='lat' dir='ltr'>aduentum</span> <span class='ocrx_word' id='word_1_330' title='bbox 1094 3745 1122 3798; x_wconf 87' lang='lat' dir='ltr'>A</span> <span class='ocrx_word' id='word_1_331' title='bbox 1145 3745 1154 3812; x_wconf 75' lang='lat' dir='ltr'>ll</span> <span class='ocrx_word' id='word_1_332' title='bbox 1178 3749 1278 3798; x_wconf 87' lang='lat' dir='ltr'>11.1a.</span> <span class='ocrx_word' id='word_1_333' title='bbox 1299 3744 1420 3799; x_wconf 88' lang='lat' dir='ltr'>caesaris</span> <span class='ocrx_word' id='word_1_334' title='bbox 1440 3747 1476 3812; x_wconf 87' lang='lat' dir='ltr'>A,</span> 
     </span>
     <span class='ocr_line' id='line_1_33' title="bbox 200 3813 1476 3887; baseline -0.001 -15"><span class='ocrx_word' id='word_1_335' title='bbox 200 3833 270 3873; x_wconf 87' lang='lat' dir='ltr'>caes.</span> <span class='ocrx_word' id='word_1_336' title='bbox 285 3817 474 3887; x_wconf 74' lang='lat' dir='ltr'>(eic)Ml12.</span> <span class='ocrx_word' id='word_1_337' title='bbox 493 3816 632 3887; x_wconf 85' lang='lat' dir='ltr'>hispaniis</span> <span class='ocrx_word' id='word_1_338' title='bbox 651 3818 705 3885; x_wconf 83' lang='lat' dir='ltr'>A&#39;,</span> <span class='ocrx_word' id='word_1_339' title='bbox 729 3815 786 3870; x_wconf 88' lang='lat' dir='ltr'>·nii</span> <span class='ocrx_word' id='word_1_340' title='bbox 805 3816 850 3883; x_wconf 93' lang='lat' dir='ltr'>M,</span> <span class='ocrx_word' id='word_1_341' title='bbox 870 3815 929 3869; x_wconf 88' lang='lat' dir='ltr'>-nis</span> <span class='ocrx_word' id='word_1_342' title='bbox 949 3815 1069 3883; x_wconf 69' lang='lat' dir='ltr'>A11118.</span> <span class='ocrx_word' id='word_1_343' title='bbox 1089 3813 1278 3882; x_wconf 74' lang='lat' dir='ltr'>quidAllt.</span> <span class='ocrx_word' id='word_1_344' title='bbox 1298 3815 1368 3869; x_wconf 92' lang='lat' dir='ltr'>mihi</span> <span class='ocrx_word' id='word_1_345' title='bbox 1387 3817 1476 3885; x_wconf 86' lang='lat' dir='ltr'>MA’,</span> 
     </span>
     <span class='ocr_line' id='line_1_34' title="bbox 199 3884 1477 3958; baseline 0.001 -17"><span class='ocrx_word' id='word_1_346' title='bbox 199 3887 253 3941; x_wconf 89' lang='lat' dir='ltr'>nisi</span> <span class='ocrx_word' id='word_1_347' title='bbox 270 3888 312 3942; x_wconf 91' lang='lat' dir='ltr'>A¹</span> <span class='ocrx_word' id='word_1_348' title='bbox 327 3891 336 3958; x_wconf 89' lang='grc' dir='ltr'>ΙΙ</span> <span class='ocrx_word' id='word_1_349' title='bbox 353 3896 392 3943; x_wconf 79' lang='lat'>15.</span> <span class='ocrx_word' id='word_1_350' title='bbox 412 3905 446 3942; x_wconf 91' lang='lat' dir='ltr'>ac</span> <span class='ocrx_word' id='word_1_351' title='bbox 465 3890 505 3956; x_wconf 82' lang='lat' dir='ltr'>A,</span> <span class='ocrx_word' id='word_1_352' title='bbox 520 3888 574 3943; x_wconf 90' lang='lat' dir='ltr'>hac</span> <span class='ocrx_word' id='word_1_353' title='bbox 594 3888 630 3941; x_wconf 90' lang='lat' dir='ltr'><em>M</em></span> <span class='ocrx_word' id='word_1_354' title='bbox 644 3891 654 3956; x_wconf 75' lang='grc' dir='ltr'>ΙΙ</span> <span class='ocrx_word' id='word_1_355' title='bbox 672 3887 745 3941; x_wconf 90' lang='lat' dir='ltr'>habe</span> <span class='ocrx_word' id='word_1_356' title='bbox 763 3889 814 3955; x_wconf 73' lang='lat' dir='ltr'>Al</span> <span class='ocrx_word' id='word_1_357' title='bbox 834 3892 875 3942; x_wconf 85' lang='grc'>16.</span> <span class='ocrx_word' id='word_1_358' title='bbox 894 3884 1011 3955; x_wconf 85' lang='lat' dir='ltr'>negauit</span> <span class='ocrx_word' id='word_1_359' title='bbox 1029 3886 1066 3938; x_wconf 91' lang='lat' dir='ltr'><em>M</em></span> <span class='ocrx_word' id='word_1_360' title='bbox 1081 3888 1090 3954; x_wconf 75' lang='lat' dir='ltr'>ll</span> <span class='ocrx_word' id='word_1_361' title='bbox 1109 3885 1157 3938; x_wconf 89' lang='lat' dir='ltr'>sed</span> <span class='ocrx_word' id='word_1_362' title='bbox 1176 3902 1226 3940; x_wconf 84' lang='lat' dir='ltr'>om.</span> <span class='ocrx_word' id='word_1_363' title='bbox 1246 3887 1273 3939; x_wconf 85' lang='lat' dir='ltr'>A</span> <span class='ocrx_word' id='word_1_364' title='bbox 1292 3888 1301 3954; x_wconf 92' lang='grc' dir='ltr'>ΙΙ</span> <span class='ocrx_word' id='word_1_365' title='bbox 1318 3887 1409 3955; x_wconf 87' lang='lat' dir='ltr'>petiui</span> <span class='ocrx_word' id='word_1_366' title='bbox 1427 3888 1477 3958; x_wconf 72' lang='lat' dir='ltr'>All</span> 
     </span>
     <span class='ocr_line' id='line_1_35' title="bbox 200 3955 1476 4040; baseline 0.001 -29"><span class='ocrx_word' id='word_1_367' title='bbox 200 3964 240 4015; x_wconf 85' lang='lat'>19.</span> <span class='ocrx_word' id='word_1_368' title='bbox 269 3976 331 4014; x_wconf 88' lang='lat' dir='ltr'>essa</span> <span class='ocrx_word' id='word_1_369' title='bbox 356 3959 392 4012; x_wconf 88' lang='lat' dir='ltr'>M</span> <span class='ocrx_word' id='word_1_370' title='bbox 420 3963 429 4025; x_wconf 89' lang='grc' dir='ltr'>ΙΙ</span> <span class='ocrx_word' id='word_1_371' title='bbox 461 3978 479 4014; x_wconf 91' lang='lat' dir='ltr'>a</span> <span class='ocrx_word' id='word_1_372' title='bbox 501 3961 530 4014; x_wconf 92' lang='lat' dir='ltr'>te</span> <span class='ocrx_word' id='word_1_373' title='bbox 555 3960 595 4014; x_wconf 81' lang='lat' dir='ltr'>Al</span> <span class='ocrx_word' id='word_1_374' title='bbox 626 3961 636 4027; x_wconf 77' lang='lat' dir='ltr'>ll</span> <span class='ocrx_word' id='word_1_375' title='bbox 670 3965 710 4014; x_wconf 85' lang='lat'>19.</span> <span class='ocrx_word' id='word_1_376' title='bbox 730 3965 772 4014; x_wconf 80' lang='lat'>20.</span> <span class='ocrx_word' id='word_1_377' title='bbox 795 3957 994 4040; x_wconf 83' lang='lat' dir='ltr'>percurrissem</span> <span class='ocrx_word' id='word_1_378' title='bbox 1017 3957 1063 4022; x_wconf 89' lang='lat' dir='ltr'>M,</span> <span class='ocrx_word' id='word_1_379' title='bbox 1087 3955 1316 4025; x_wconf 88' lang='lat' dir='ltr'>peruicurrissem</span> <span class='ocrx_word' id='word_1_380' title='bbox 1338 3958 1392 4025; x_wconf 61' lang='grc' dir='ltr'>ΑΙ,</span> <span class='ocrx_word' id='word_1_381' title='bbox 1415 3976 1476 4029; x_wconf 90' lang='lat' dir='ltr'>per-</span> 
     </span>
     <span class='ocr_line' id='line_1_36' title="bbox 200 4027 1478 4099; baseline 0.002 -16"><span class='ocrx_word' id='word_1_382' title='bbox 200 4030 384 4085; x_wconf 85' lang='lat' dir='ltr'>cucurrissem</span> <span class='ocrx_word' id='word_1_383' title='bbox 397 4031 456 4098; x_wconf 78' lang='lat' dir='ltr'>A2,</span> <span class='ocrx_word' id='word_1_384' title='bbox 474 4033 538 4097; x_wconf 81' lang='lat' dir='ltr'>sort.</span> <span class='ocrx_word' id='word_1_385' title='bbox 557 4048 617 4085; x_wconf 79' lang='lat' dir='ltr'>cere</span> <span class='ocrx_word' id='word_1_386' title='bbox 631 4032 640 4099; x_wconf 82' lang='lat' dir='ltr'>d</span> <span class='ocrx_word' id='word_1_387' title='bbox 654 4035 695 4084; x_wconf 78' lang='lat'>20.</span> <span class='ocrx_word' id='word_1_388' title='bbox 712 4036 754 4085; x_wconf 81' lang='lat'>21.</span> <span class='ocrx_word' id='word_1_389' title='bbox 773 4047 803 4083; x_wconf 83' lang='lat' dir='ltr'>ur</span> <span class='ocrx_word' id='word_1_390' title='bbox 821 4032 851 4084; x_wconf 88' lang='lat' dir='ltr'>te</span> <span class='ocrx_word' id='word_1_391' title='bbox 868 4027 1047 4083; x_wconf 89' lang='lat' dir='ltr'>retinuissem</span> <span class='ocrx_word' id='word_1_392' title='bbox 1067 4028 1123 4093; x_wconf 86' lang='lat' dir='ltr'>A’,</span> <span class='ocrx_word' id='word_1_393' title='bbox 1143 4027 1220 4081; x_wconf 88' lang='lat' dir='ltr'>uitae</span> <span class='ocrx_word' id='word_1_394' title='bbox 1238 4027 1416 4084; x_wconf 86' lang='lat' dir='ltr'>retinuissem</span> <span class='ocrx_word' id='word_1_395' title='bbox 1436 4032 1478 4097; x_wconf 89' lang='lat' dir='ltr'>M,</span> 
     </span>
     <span class='ocr_line' id='line_1_37' title="bbox 200 4097 1478 4170; baseline 0.001 -17"><span class='ocrx_word' id='word_1_396' title='bbox 200 4104 310 4157; x_wconf 88' lang='lat' dir='ltr'>utteret.</span> <span class='ocrx_word' id='word_1_397' title='bbox 335 4100 471 4156; x_wconf 87' lang='lat' dir='ltr'>Inuissem</span> <span class='ocrx_word' id='word_1_398' title='bbox 494 4103 536 4156; x_wconf 90' lang='lat' dir='ltr'>A¹</span> <span class='ocrx_word' id='word_1_399' title='bbox 568 4105 577 4170; x_wconf 79' lang='grc' dir='ltr'>ΙΙ</span> <span class='ocrx_word' id='word_1_400' title='bbox 608 4107 650 4154; x_wconf 76' lang='lat'>21.</span> <span class='ocrx_word' id='word_1_401' title='bbox 674 4104 703 4155; x_wconf 92' lang='lat' dir='ltr'>te</span> <span class='ocrx_word' id='word_1_402' title='bbox 728 4120 762 4156; x_wconf 77' lang='lat' dir='ltr'>erc</span> <span class='ocrx_word' id='word_1_403' title='bbox 784 4116 820 4155; x_wconf 88' lang='lat' dir='ltr'>ne</span> <span class='ocrx_word' id='word_1_404' title='bbox 843 4102 888 4155; x_wconf 68' lang='lat' dir='ltr'>A*</span> <span class='ocrx_word' id='word_1_405' title='bbox 919 4103 928 4168; x_wconf 79' lang='lat' dir='ltr'>{l</span> <span class='ocrx_word' id='word_1_406' title='bbox 960 4105 1002 4154; x_wconf 65' lang='grc' dir='ltr'>Μ.</span> <span class='ocrx_word' id='word_1_407' title='bbox 1027 4114 1062 4152; x_wconf 92' lang='lat' dir='ltr'>ue</span> <span class='ocrx_word' id='word_1_408' title='bbox 1085 4097 1179 4167; x_wconf 85' lang='lat' dir='ltr'>A¹M,</span> <span class='ocrx_word' id='word_1_409' title='bbox 1205 4115 1256 4152; x_wconf 89' lang='lat' dir='ltr'>nec</span> <span class='ocrx_word' id='word_1_410' title='bbox 1279 4100 1324 4153; x_wconf 75' lang='lat' dir='ltr'>A*</span> <span class='ocrx_word' id='word_1_411' title='bbox 1350 4104 1360 4170; x_wconf 82' lang='grc'>11</span> <span class='ocrx_word' id='word_1_412' title='bbox 1388 4100 1478 4154; x_wconf 88' lang='lat' dir='ltr'>sciens</span> 
     </span>
     <span class='ocr_line' id='line_1_38' title="bbox 199 4169 1477 4297; baseline 0.001 -71"><span class='ocrx_word' id='word_1_413' title='bbox 199 4173 389 4297; x_wconf 68' lang='lat' dir='ltr'>prudensquq]</span> <span class='ocrx_word' id='word_1_414' title='bbox 417 4176 451 4238; x_wconf 76' lang='lat' dir='ltr'>cf.</span> <span class='ocrx_word' id='word_1_415' title='bbox 480 4174 541 4228; x_wconf 78' lang='lat' dir='ltr'>Otto</span> <span class='ocrx_word' id='word_1_416' title='bbox 572 4173 782 4243; x_wconf 74' lang='lat' dir='ltr'>‘Sprictwdrter</span> <span class='ocrx_word' id='word_1_417' title='bbox 800 4175 826 4226; x_wconf 84' lang='lat' dir='ltr'>d.</span> <span class='ocrx_word' id='word_1_418' title='bbox 846 4173 960 4226; x_wconf 69' lang='lat' dir='ltr'>Rdtner’</span> <span class='ocrx_word' id='word_1_419' title='bbox 987 4189 1018 4239; x_wconf 85' lang='lat' dir='ltr'>p.</span> <span class='ocrx_word' id='word_1_420' title='bbox 1034 4175 1084 4222; x_wconf 83' lang='lat'>312</span> <span class='ocrx_word' id='word_1_421' title='bbox 1118 4172 1127 4238; x_wconf 79' lang='grc' dir='ltr'>ΙΙ</span> <span class='ocrx_word' id='word_1_422' title='bbox 1159 4169 1292 4224; x_wconf 87' lang='lat' dir='ltr'>demittas</span> <span class='ocrx_word' id='word_1_423' title='bbox 1315 4172 1402 4242; x_wconf 89' lang='lat' dir='ltr'>unde]</span> <span class='ocrx_word' id='word_1_424' title='bbox 1431 4173 1477 4227; x_wconf 91' lang='lat' dir='ltr'>de-</span> 
     </span>
     <span class='ocr_line' id='line_1_39' title="bbox 200 4240 1480 4313; baseline -0.002 -15"><span class='ocrx_word' id='word_1_425' title='bbox 200 4244 345 4298; x_wconf 88' lang='lat' dir='ltr'>mittasum</span> <span class='ocrx_word' id='word_1_426' title='bbox 384 4261 399 4298; x_wconf 89' lang='lat' dir='ltr'>e</span> <span class='ocrx_word' id='word_1_427' title='bbox 418 4245 460 4312; x_wconf 91' lang='lat' dir='ltr'>M,</span> <span class='ocrx_word' id='word_1_428' title='bbox 479 4242 607 4298; x_wconf 87' lang='lat' dir='ltr'>dimittas</span> <span class='ocrx_word' id='word_1_429' title='bbox 626 4244 700 4297; x_wconf 90' lang='lat' dir='ltr'>unde</span> <span class='ocrx_word' id='word_1_430' title='bbox 719 4243 754 4312; x_wconf 81' lang='lat' dir='ltr'>de</span> <span class='ocrx_word' id='word_1_431' title='bbox 773 4246 844 4312; x_wconf 79' lang='lat' dir='ltr'>(erup.</span> <span class='ocrx_word' id='word_1_432' title='bbox 859 4261 893 4297; x_wconf 89' lang='lat' dir='ltr'>m.</span> <span class='ocrx_word' id='word_1_433' title='bbox 910 4246 937 4310; x_wconf 91' lang='lat'>1)</span> <span class='ocrx_word' id='word_1_434' title='bbox 951 4243 978 4295; x_wconf 95' lang='lat' dir='ltr'>A</span> <span class='ocrx_word' id='word_1_435' title='bbox 998 4244 1007 4310; x_wconf 73' lang='lat' dir='ltr'>ll</span> <span class='ocrx_word' id='word_1_436' title='bbox 1027 4246 1069 4295; x_wconf 78' lang='lat'>24.</span> <span class='ocrx_word' id='word_1_437' title='bbox 1090 4240 1243 4294; x_wconf 88' lang='lat' dir='ltr'>iactatione</span> <span class='ocrx_word' id='word_1_438' title='bbox 1257 4242 1295 4295; x_wconf 91' lang='lat' dir='ltr'>M</span> <span class='ocrx_word' id='word_1_439' title='bbox 1304 4246 1313 4313; x_wconf 71' lang='lat' dir='ltr'>ll</span> <span class='ocrx_word' id='word_1_440' title='bbox 1328 4250 1370 4298; x_wconf 80' lang='lat'>25.</span> <span class='ocrx_word' id='word_1_441' title='bbox 1385 4245 1480 4312; x_wconf 89' lang='lat' dir='ltr'>potest</span> 
     </span>
     <span class='ocr_line' id='line_1_40' title="bbox 201 4311 1480 4440; baseline 0 -72"><span class='ocrx_word' id='word_1_442' title='bbox 201 4313 293 4439; x_wconf 64' lang='lat' dir='ltr'>elcgfar</span> <span class='ocrx_word' id='word_1_443' title='bbox 318 4316 457 4440; x_wconf 55' lang='lat' dir='ltr'>Mqalo.</span> <span class='ocrx_word' id='word_1_444' title='bbox 481 4332 554 4384; x_wconf 88' lang='lat' dir='ltr'>quae</span> <span class='ocrx_word' id='word_1_445' title='bbox 577 4315 634 4369; x_wconf 87' lang='lat' dir='ltr'>iarn</span> <span class='ocrx_word' id='word_1_446' title='bbox 661 4318 743 4369; x_wconf 92' lang='lat' dir='ltr'>erunt</span> <span class='ocrx_word' id='word_1_447' title='bbox 764 4313 894 4368; x_wconf 80' lang='lat' dir='ltr'>confecta</span> <span class='ocrx_word' id='word_1_448' title='bbox 917 4312 947 4366; x_wconf 91' lang='lat' dir='ltr'>id</span> <span class='ocrx_word' id='word_1_449' title='bbox 971 4311 995 4366; x_wconf 92' lang='lat' dir='ltr'>si</span> <span class='ocrx_word' id='word_1_450' title='bbox 1018 4312 1118 4366; x_wconf 84' lang='lat' dir='ltr'>feceris</span> <span class='ocrx_word' id='word_1_451' title='bbox 1141 4314 1181 4380; x_wconf 91' lang='lat' dir='ltr'>A,</span> <span class='ocrx_word' id='word_1_452' title='bbox 1210 4329 1282 4380; x_wconf 90' lang='lat' dir='ltr'>quac</span> <span class='ocrx_word' id='word_1_453' title='bbox 1310 4317 1369 4369; x_wconf 88' lang='lat' dir='ltr'>tam</span> <span class='ocrx_word' id='word_1_454' title='bbox 1398 4318 1480 4369; x_wconf 89' lang='lat' dir='ltr'>erunt</span> 
     </span>
     <span class='ocr_line' id='line_1_41' title="bbox 202 4402 352 4441; baseline 0.007 -1"><span class='ocrx_word' id='word_1_455' title='bbox 202 4402 251 4440; x_wconf 87' lang='lat' dir='ltr'>oon</span> <span class='ocrx_word' id='word_1_456' title='bbox 264 4403 352 4441; x_wconf 82' lang='lat' dir='ltr'>ecana</span> 
     </span>
    </p>
   </div>
   <div class='ocr_carea' id='block_1_4' title="bbox 0 0 1668 5460">
    <p class='ocr_par' dir='ltr' id='par_1_4' title="bbox 0 0 1668 5460">
     <span class='ocr_line' id='line_1_42' title="bbox 0 0 1668 5460; baseline 0 0"><span class='ocrx_word' id='word_1_457' title='bbox 0 0 1668 5460; x_wconf 95' lang='lat' dir='ltr'> </span> 
     </span>
    </p>
   </div>
  </div>
 </body>
</html>
