3314 5460
45 392 79 445 Vl
576 383 789 441 Parasino.

47 554 149 619 Akad.
175 554 257 618 1891
288 576 319 637 p.
338 552 473 635 38988,
496 546 647 636 40288),
676 548 892 614 Ferrariensis
920 547 1068 612 coenobii
1096 551 1166 612 tum
1195 547 1329 612 abbate.

46 662 102 746 qui
121 683 170 745 ep.
185 661 227 725 69
247 657 335 744 Sept.
354 680 396 723 m.
416 678 442 722 a
463 658 525 722 847
551 657 628 722 data
651 655 695 741 (p.
713 656 774 721 137
795 655 841 719 ed.
863 653 964 719 Paris.
981 676 1008 718 a.
1025 651 1125 740 1888)
1146 654 1328 738 888881ᾶο,

45 766 205 832 monacho
227 763 420 847 Prumiensi,
443 763 522 829 haec
546 763 674 828 scribit:
698 759 880 825 ‘Tullianae
903 761 1068 844 epistolas,
1091 782 1171 844 quas
1194 759 1329 843 misisti,

44 894 118 938 cum
141 873 265 939 nostris
289 871 428 938 conferri
452 869 584 952 faciam,
607 872 645 933 ut
667 890 706 932 ex
728 867 890 952 utrisque,
915 866 944 931 si
966 868 1072 951 possit
1096 867 1179 949 fieri,
1204 867 1328 931 veritas

45 980 256 1065 exculpatur?
302 979 420 1065 quibus
445 974 552 1040 verbis
578 974 620 1057 si,
649 979 687 1038 ut
713 974 883 1058 probabile
906 974 1002 1058 duco,
1030 973 1243 1059 designantur
1267 975 1328 1038 mi·

45 1087 164 1152 scellae
188 1083 355 1151 Ciceronis
383 1082 541 1169 epistulas
564 1117 607 1126 —
631 1079 711 1144 alias
740 1079 826 1144 enim
854 1079 965 1164 Lupus
993 1079 1122 1144 novisse
1149 1102 1216 1144 non
1237 1080 1327 1144 vide-

45 1191 138 1279 8881)
165 1231 215 1277 -,
237 1191 386 1276 sequitur
408 1194 446 1255 ut
469 1187 575 1252 medio
599 1187 728 1251 saeculo
751 1208 838 1251 nono
862 1187 993 1251 illarum
1016 1209 1115 1250 unum
1140 1187 1325 1270 exemplum

44 1300 146 1364 fuerit
169 1299 321 1363 Prumiae
346 1295 591 1378 Germanorum,
614 1293 753 1357 alterurn
778 1291 946 1357 Ferrarius
971 1290 1184 1377 Gallorum.²)

134 1405 250 1489 quodsi
273 1404 353 1469 haec
377 1398 571 1487 probabilia,
594 1421 659 1464 non
683 1403 773 1465 certa
796 1404 880 1481 sunt,
904 1399 1122 1465 certissimum
1142 1404 1192 1464 est
1211 1401 1325 1464 codem

45 1512 176 1577 saeculo
200 1511 320 1575 alicubi
344 1496 492 1574 extitisse
518 1507 550 1571 id
575 1507 789 1591 epistularum
812 1506 1031 1572 miscellarum
1055 1508 1236 1591 exemplum
1260 1530 1326 1593 quo

45 1617 132 1682 inter
155 1640 179 1683 s.
198 1617 245 1682 IX
269 1622 303 1681 et
325 1615 356 1680 X
384 1615 525 1680 confinia
551 1614 602 1678 usi
626 1617 702 1678 sunt
725 1614 857 1678 Metisci
880 1615 992 1679 codicis
1013 1615 1066 1694 49,
1085 1614 1105 1676 9
1129 1613 1269 1678 librarii:
1297 1615 1325 1678 is

47 1723 134 1788 enim
159 1724 259 1789 codex
284 1723 369 1788 circa
392 1721 450 1786 illa
472 1725 623 1804 tempora
645 1719 850 1804 conscriptus
873 1724 924 1785 est
947 1717 990 1806 (v.
1009 1716 1118 1805 infra).

139 1830 287 1895 decimo
317 1850 414 1913 porro
444 1827 572 1892 saeculo
600 1827 821 1892 monasteriam
848 1825 880 1891 S.
905 1827 1040 1892 Nasarii
1064 1827 1328 1892 Laurmhomensc

44 1934 131 2000 haud
161 1957 295 2021 parvam
325 1934 442 1999 habuit
472 1931 638 1999 Ciceronis
668 1932 881 2017 epistularum
913 1933 1049 2016 copiam.
1102 1933 1137 1996 in
1166 1934 1326 2019 catalogis

45 2042 132 2106 enim
152 2042 300 2107 codicum
320 2037 362 2126 (v.
377 2039 610 2105 A.Wilmanns
625 2061 706 2104 mus.
719 2038 822 2103 Rhen.
836 2037 948 2104 XXIII
967 2062 997 2122 p.
1007 2039 1135 2125 385sq.,
1153 2038 1190 2103 G.
1200 2037 1328 2105 Becker

44 2146 152 2212 ‘catal
177 2148 255 2212 bibl.
280 2147 358 2212 ant'
384 2169 415 2230 p.
436 2147 547 2230 8288,
574 2146 705 2230 12088,
738 2142 772 2209 C.
792 2143 932 2208 Bursian
955 2142 1087 2209 ‘Gescla
1112 2145 1140 2208 d.
1167 2145 1205 2209 cl.
1228 2145 1327 2210 Phil?

44 2277 74 2337 p.
90 2255 132 2318 34
139 2251 202 2341 sq.)
222 2257 459 2319 memorantur:
474 2251 712 2336 ‘Epistularum
729 2251 885 2317 ciceronis
904 2250 960 2314 lib.
973 2248 1050 2314 XVI
1069 2250 1103 2314 in
1123 2273 1185 2315 uno
1203 2252 1328 2337 codice3

45 2358 215 2445 Epistulae
244 2359 401 2425 ciceronis
429 2360 463 2424 in
491 2358 761 2443 quaternionibus
790 2357 966 2442 (epistolae
994 2357 1150 2422 ciceronis
1178 2358 1326 2423 diuersae

46 2466 126 2531 inter
148 2486 253 2533 988888
272 2467 360 2532 catal.
380 2467 425 2544 A,
449 2486 507 2530 om.
527 2462 585 2552 B)3
609 2465 689 2529 item
707 2463 865 2549 epistolae
887 2463 1044 2528 ciceronis
1064 2464 1223 2548 diuersae3
1246 2466 1326 2529 item

45 2571 160 2637 ruarcii
187 2571 274 2637 tullii
302 2561 458 2637 ciceronis
486 2569 699 2655 epistolarum
724 2571 780 2634 lib.
799 2568 876 2634 IIII.
900 2569 934 2633 in
956 2592 1021 2633 uno
1046 2569 1126 2634 cod?
1172 2575 1328 2655 quattuor

46 2676 179 2761 quibis
203 2679 310 2743 verbis
336 2677 521 2743 indicantur
544 2678 757 2762 epistularum
782 2677 908 2742 codices
932 2676 966 2739 L.
987 2674 1113 2740 Gurlitt
1137 2675 1224 2762 (ann.
1247 2677 1327 2761 phil.

50 2783 135 2847 1888
158 2807 188 2868 p.
207 2781 287 2870 562)
310 2783 358 2849 ita
381 2785 532 2850 distinxit
555 2790 592 2849 ut
615 2785 740 2869 primus
763 2783 915 2848 habuerit
938 2782 1096 2865 epistulas
1120 2784 1159 2847 ad
1177 2783 1326 2847 Atticum

46 2886 150 2969 datas,
174 2890 333 2954 secundus
357 2913 405 2975 ep.
426 2891 466 2955 ad
487 2891 562 2956 fam.
583 2888 746 2972 l-VIII,
774 2890 891 2953 tertius
915 2911 963 2971 ep.
983 2889 1023 2952 ad
1044 2889 1119 2953 fam.
1137 2888 1327 2974 IX-XVI,

46 2999 184 3079 ‹puartus
208 3018 255 3079 ep.
280 2996 320 3059 ad
345 2995 485 3061 Brutum
509 2998 659 3062 datarum
683 2996 702 3059 l.
726 3017 861 3076 nonum,
891 2994 930 3057 ad
954 2993 1112 3069 Quintum
1134 2995 1172 3058 fr.
1197 2994 1327 3078 l—III,

46 3122 93 3185 op.
109 3100 149 3165 sd
165 3100 391 3167 Octavianum.
423 3103 509 3168 haud
529 3102 680 3186 displicet
699 3101 885 3165 coniectura
903 3101 1067 3165 universa:
1087 3100 1198 3165 eodem
1218 3105 1327 3165 tamen

47 3207 114 3273 iuro
134 3207 242 3291 putari
262 3213 401 3291 possunt
419 3209 453 3273 in
472 3209 611 3274 secundo
632 3209 741 3273 codice
756 3245 793 3254 —
812 3208 868 3291 qui
887 3207 951 3271 luit
970 3207 1016 3270 ‘in
1036 3207 1326 3290 quaternionibus’‚

47 3314 76 3381 Ιι.
95 3334 121 3378 a.
150 3333 216 3379 non
243 3313 379 3399 ligatus,
406 3338 434 3379 v.
457 3314 678 3380 Wattenbach
703 3312 968 3379 ‘Schriftwesen'
997 3336 1027 3397 p.
1047 3311 1130 3378 330²
1154 3351 1194 3358 —
1223 3312 1325 3377 fuisse

138 3543 163 3603 1)
181 3539 311 3611 squidem
331 3543 405 3596 certe
425 3541 492 3595 dum
511 3558 606 3596 omnes
625 3541 739 3611 perlego
758 3542 799 3595 Lu
818 3541 829 3594 i
849 3541 998 3610 epistulas,
1024 3541 1068 3594 bis
1088 3540 1261 3611 significatas
1280 3540 1322 3594 in·

47 3614 109 3674 voni
133 3610 269 3685 epistulas
293 3610 434 3666 miscellae
457 3615 487 3667 et
510 3612 596 3667 libros
620 3613 734 3694 quidem
757 3560 882 3667 I-lull:
908 3612 980 3682 Lupi
1003 3619 1075 3682 apl
1096 3615 1132 3681 (a.
1148 3617 1210 3677 830)
1234 3631 1259 3681 p.
1276 3618 1321 3666 45:

48 3687 109 3745 'iisd
129 3682 215 3741 asima}
233 3681 349 3753 pudoris
367 3687 559 3754 transgressus
574 3683 703 3737 limrtem'
737 3684 771 3738 cf.
787 3683 842 3737 Cic.
858 3700 899 3753 ep.
916 3684 949 3750 V,
965 3689 1007 3751 12,
1023 3689 1051 3735 3:
1073 3683 1132 3752 ‘qui
1147 3682 1233 3737 semel
1247 3699 1322 3736 vere·

46 3757 166 3819 ‹iirrrrliuc
190 3756 258 3811 tinas
281 3753 450 3823 transierit')
474 3757 504 3808 et
526 3773 552 3824 p.
573 3760 619 3809 46:
648 3755 728 3809 ‘item
752 3754 876 3808 eiusdem
900 3755 1021 3808 auctoris
1046 3755 1080 3808 dc
1103 3753 1243 3808 rhetorica
1266 3757 1323 3807 tres

48 3830 111 3889 llbri
132 3829 160 3885 iu
180 3823 369 3951 disputatione
394 3841 427 3880 ac
447 3825 560 3895 dialogo
584 3825 619 3879 de
639 3826 767 3880 Oratore'
792 3825 837 3894 (cf.
854 3824 909 3880 Cic.
925 3842 967 3894 ep.
982 3825 1007 3891 I,
1023 3831 1052 3894 9,
1068 3828 1125 3894 23),
1149 3824 1221 3878 alias
1244 3843 1322 3879 num-

47 3922 139 3961 ruarn.
185 3914 223 3952 -8
243 3896 278 3951 do
298 3895 495 3950 coniecturam.
529 3896 650 3966 epistula
668 3895 739 3965 Lupi
758 3895 849 3965 prima
868 3896 972 3965 scripta
987 3898 1099 3950 estnon
1114 3895 1258 3950 Ferrariae
1273 3896 1322 3950 sed

49 3928 161 4041 duplus,
181 3985 236 4039 quo
254 3966 303 4022 illo
323 3983 346 4020 8.
363 3971 414 4020 889
433 3967 535 4021 missus
554 3970 623 4022 erat.
656 3985 712 4036 qua
731 3984 803 4035 quae
829 3966 957 4036 proditur
975 3966 1115 4021 Ciceronis
1139 3965 1322 4037 epistularum

48 4046 158 4111 rustitio,
177 4061 211 4097 88
231 4040 324 4111 potost
342 4055 409 4092 sane
427 4037 488 4092 fieri
508 4042 539 4091 ut
557 4056 575 4092 a
589 4039 666 4108 Lupo
686 4041 849 4107 comparata
867 4037 953 4091 buerit
966 4039 1110 4092 Ferrariao
1125 4038 1173 4093 ubi
1189 4038 1322 4092 educatus

47 4125 115 4185 888,
136 4114 230 4191 ,iurarit
248 4113 280 4166 ut
298 4108 412 4163 Fuldae.
445 4125 616 4179 quamquam
635 4109 709 4163 enim
733 4109 844 4162 unicum
868 4109 944 4177 quod
967 4109 1003 4161 ad
1023 4109 1164 4163 Ciceronis
1187 4109 1323 4178 epistulas

50 4188 153 4249 llulrlus
172 4184 239 4243 oliui
259 4182 384 4237 sanatas
404 4179 487 4234 hodie
506 4179 585 4235 ducit
605 4180 756 4251 vestigium
780 4179 996 4233 incertissimum
1020 4183 1064 4233 est
1084 4214 1114 4220 --
1135 4198 1168 4234 ex
1192 4179 1323 4250 catalogo

48 4282 71 4321 8.
93 4268 158 4319 lull
179 4254 293 4327 uulgato
313 4249 399 4307 Orelli
418 4250 528 4306 attulit:
548 4252 602 4306 ‘ab
622 4250 759 4374 epistolae
774 4250 840 4305 Cia’
861 4284 900 4317 -,
920 4254 1015 4304 tamen
1034 4269 1084 4321 per
1097 4268 1127 4305 88
1142 4251 1213 4305 nihil
1227 4252 1324 4306 obstat

46 4356 53 4389 s
67 4336 113 4389 ulu
131 4334 157 4387 lu
173 4323 315 4385 ditissima
328 4321 396 4377 olim
409 4320 583 4376 bibliotheca
592 4321 633 4375 Fu
646 4321 726 4375 densi
741 4325 777 4390 (v.
788 4322 820 4376 A.
831 4321 943 4376 Ruland
955 4321 1068 4391 Serapei
1082 4326 1102 4376 t.
1115 4323 1162 4375 XX
1177 4340 1203 4390 p.
1216 4328 1322 4390 87888,

50 4354 69 4461 d
93 4394 321 4475 8888188888.
337 4393 363 4448 d.
376 4392 584 4446 Unterrichtsw.
600 4392 630 4446 in
645 4393 848 4447 Deutschland’
864 4412 891 4462 p.
906 4398 958 4445 996
970 4411 1009 4460 sq.
1025 4393 1082 4463 al),
1102 4411 1187 4461 quam
1206 4393 1324 4446 minima

47 4492 78 4531 os
101 4476 180 4545 ports
199 4467 282 4525 bodio
301 4463 444 4535 cognitam
462 4462 607 4525 habemns.
627 4463 767 4518 Ciceronis
786 4463 970 4532 epistularum
989 4464 1074 4518 fuerit
1093 4465 1188 4518 codex.

137 4550 164 4601 u)
184 4539 343 4595 l’ruruiuusa
366 4534 567 4589 monasterium
590 4551 653 4588 curn
679 4537 708 4588 et
731 4552 755 4588 a.
771 4539 822 4587 882
847 4538 876 4588 et
894 4540 944 4588 892
969 4552 987 4588 a
1006 4534 1175 4590 Narmannis
1198 4535 1236 4587 sit
1259 4551 1323 4587 con-

47 4616 200 4673 88888888
220 4628 255 4675 rs.
274 4608 302 4664 a.
319 4604 461 4661 llbmmler
477 4605 623 4660 ‘ostfrtnlr
638 4605 737 4659 Reich’
753 4605 808 4658 111²
844 4652 848 4660 .
866 4612 916 4659 159
927 4623 977 4675 sq.‚
996 4625 1022 4675 p.
1038 4610 1101 4674 381)
1120 4605 1266 4675 probabile
1281 4609 1325 4659 est

48 4684 136 4745 sillero
157 4684 217 4739 ritui
238 4678 366 4735 tricundio
385 4677 565 4758 absumptum
584 4693 644 4730 8888
664 4676 788 4730 codicem
812 4624 900 4732 iBum.
933 4695 984 4732 nac
1008 4676 1107 4731 dubito
1131 4676 1199 4744 quin
1223 4676 1323 4730 similis

48 4758 160 4815 liutans
184 4750 275 4809 sucula
299 4748 356 4803 illis
379 4746 551 4817 temporibus
580 4746 722 4801 adflixerit
748 4748 912 4803 coenobium
935 4747 1124 4815 Faustianos,
1153 4764 1324 4817 quamquam

48 4828 179 4887 88888888
198 4820 295 4895 aliqua
313 4817 381 4874 mihi
400 4834 455 4873 aon
474 4820 518 4871 est
535 4821 648 4887 praesto
667 4818 808 4874 memoria.
