3286 5460
262 377 326 442 226
713 374 749 428 n.
769 372 875 428 runci
895 369 1084 428 cressonis

261 542 324 606 hoc
347 542 449 606 nolim
473 563 524 605 me
548 539 648 605 iocari
671 543 779 623 putes,
806 561 883 603 nam
911 538 992 603 mihi
1020 537 1102 604 scito
1125 537 1193 602 iam
1214 561 1234 602 a
1256 536 1389 623 regibus
1412 532 1537 600 ultimis

262 648 379 713 allatas
404 670 473 712 esse
497 647 638 731 litteras,
665 647 783 730 quibus
811 645 893 711 mihi
920 646 1043 731 gratias
1067 648 1180 731 agant,
1208 644 1293 729 quod
1316 666 1352 708 se
1375 664 1451 708 mea
1472 664 1539 708 sen-

262 756 367 819 tentia
398 775 491 839 reges
524 753 769 839 appellaverim,
802 743 883 837 quos
911 773 973 838 ego
1000 774 1067 817 non
1094 751 1191 817 modo
1221 771 1315 837 reges
1348 749 1540 834 appellatos,

227 862 318 927 used
346 861 478 926 omnino
505 865 602 924 natos
630 860 824 925 nesciebam.
869 858 964 943 ‘quid
994 881 1072 945 ergo
1100 857 1189 923 est‘?’
1235 861 1359 943 tamen,
1385 856 1541 941 quamdiu

261 968 314 1033 hic
346 967 409 1031 erit
438 970 550 1030 noster
581 965 634 1030 hic
666 965 849 1049 praefectus
882 965 1041 1049 moribus,
1074 964 1195 1048 parebo
1228 963 1420 1028 auctoritati
1453 967 1542 1046 tuae,
1566 980 1642 1025 β

261 1097 360 1158 quom
386 1095 462 1137 vero
486 1073 601 1155 aberit,
625 1072 664 1136 ad
688 1071 807 1157 fungos
827 1094 877 1136 me
896 1077 970 1137 tuos
990 1071 1163 1136 conferam.
1205 1071 1337 1135 domum
1356 1071 1386 1135 si
1403 1069 1544 1153 habebo,

260 1180 295 1243 in
319 1182 418 1245 denos
442 1180 511 1242 dies
535 1179 682 1264 singulos
707 1179 928 1264 sumptuariae
951 1178 1035 1264 legis
1059 1178 1127 1243 dies
1151 1177 1332 1261 conferam3
1354 1177 1407 1242 sin
1432 1181 1542 1242 autem

262 1286 369 1350 minus
392 1287 559 1367 invenero,
582 1285 669 1369 quod
693 1285 835 1369 placeat,
858 1285 985 1350 decrevi
1007 1285 1157 1349 habitare
1181 1284 1266 1370 apud
1290 1288 1337 1367 te,
1360 1281 1431 1348 scio
1455 1282 1543 1348 enim

262 1416 312 1456 me
341 1391 423 1456 nihil
452 1392 514 1455 tibi
542 1393 667 1477 gratius
695 1390 801 1456 facere
828 1413 932 1475 posse.
979 1391 1110 1456 domum
1135 1389 1304 1456 Sullanam
1327 1390 1542 1474 desperabam

262 1500 340 1581 iam,
368 1504 405 1562 ut
428 1499 490 1562 tibi
518 1499 664 1583 proxime
689 1498 819 1581 scripsi,
847 1499 903 1562 sed
930 1503 1040 1562 tamen
1067 1520 1133 1563 non
1155 1498 1273 1562 abieci:
1302 1501 1339 1561 tn
1363 1497 1478 1579 velim,
1506 1501 1581 1561 utro
1614 1524 1629 1546 ο

262 1604 391 1688 acribia,
420 1628 493 1668 curn
515 1605 618 1669 labris
642 1627 713 1668 eam
740 1605 933 1689 perspicias,
960 1604 1098 1670 sienim
1121 1605 1205 1669 nihil
1228 1604 1334 1669 estin
1358 1603 1543 1687 parietibus

263 1716 320 1776 aut
343 1713 377 1775 in
400 1716 488 1776 tecto
511 1711 593 1795 vitii,
617 1716 724 1777 cetera
747 1711 828 1776 mihi
850 1712 1086 1794 probabuntur.

788 1959 876 2025 xvv.
912 1958 1015 2048 (210.)

589 2118 749 2187 cranao
774 2119 1152 2203 [PAP1R10]PAETO
1179 2119 1210 2186 s

229 2302 241 2348 1
351 2282 563 2348 Delectarunt
586 2305 637 2346 me
660 2287 736 2346 tuae
754 2281 893 2365 litterae,
916 2281 950 2345 in
973 2282 1090 2367 quibus
1109 2282 1252 2366 primum
1271 2281 1377 2346 amavi
1395 2303 1542 2347 amorem
1556 2302 1579 2342 a

261 2395 363 2473 tuum,
387 2389 442 2473 qui
462 2394 495 2453 te
514 2389 554 2453 ad
573 2389 781 2454 scribendum
799 2389 951 2454 incitavit
968 2392 1142 2473 verentem,
1164 2411 1205 2453 ne
1225 2386 1325 2454 Silius
1344 2410 1403 2454 suo
1422 2389 1541 2453 nuntio

261 2496 384 2581 aliquid
417 2496 499 2559 mihi
536 2495 766 2560 sollicitudinis
803 2495 985 2578 attulisset3
1022 2495 1061 2560 de
1094 2517 1158 2580 quo
1191 2500 1224 2560 et
1256 2499 1292 2560 tu
1324 2495 1407 2560 mihi
1445 2500 1542 2561 antea

261 2605 437 2687 scripseras
461 2603 579 2666 —bis
604 2602 734 2687 quidem
758 2602 871 2666 eodem
894 2601 1054 2686 exemplo,
1077 2601 1173 2667 facile
1196 2606 1236 2666 ut
1256 2601 1486 2688 intellegerem
1510 2606 1542 2666 te

260 2733 331 2774 csse
355 2713 556 2775 commotum
578 2713 679 2772 —et
702 2728 763 2793 ego
788 2707 850 2772 tibi
873 2713 1023 2774 accurate
1044 2709 1283 2793 rescripseram,
1305 2712 1352 2794 ut,
1376 2709 1542 2793 quomodo

261 2819 294 2882 in
328 2816 386 2882 tali
416 2840 449 2880 re
480 2821 577 2900 atque
610 2819 772 2899 tempore,
804 2819 862 2879 aut
893 2815 1067 2880 liberarem
1096 2820 1129 2880 te
1156 2815 1223 2879 ista
1254 2838 1332 2881 cura
1362 2819 1420 2881 aut
1453 2820 1541 2882 certe
1555 2838 1579 2876 rc

226 2925 416 3007 alevarern3
446 2924 516 3005 sed,
543 2922 698 3006 quoniam
725 2921 883 3005 proximis
911 2943 1040 3005 quoque
1063 2921 1185 2987 litteris
1209 2923 1368 3007 ostendis,
1398 2928 1542 3008 quantae

260 3029 321 3092 tibi
351 3051 445 3093 curae
474 3030 518 3093 sit
545 3051 583 3092 ea
610 3051 675 3111 res,
708 3026 768 3111 sic,
801 3027 846 3091 mi
874 3027 986 3111 Paete,
1018 3028 1152 3093 habeto:
1186 3029 1340 3113 quicquid
1370 3034 1443 3095 arte
1471 3030 1544 3095 fieri

260 3136 405 3218 potuerit
430 3173 467 3180 —
493 3156 559 3198 non
587 3136 673 3199 enim
706 3134 771 3198 iam
804 3134 884 3198 satis
917 3137 968 3197 est
1000 3135 1136 3200 consilio
1170 3156 1330 3220 pugnare:
1363 3135 1542 3201 artificium

262 3241 424 3324 quoddam
447 3240 697 3325 excogitandum
720 3245 771 3304 est
794 3277 850 3324 —,
878 3241 934 3304 sed
958 3245 1081 3325 tamen,
1112 3241 1265 3327 quicquid
1294 3242 1458 3308 elaborari
1486 3248 1544 3308 aut

261 3346 346 3410 effici
374 3345 520 3431 potuerit
543 3347 583 3410 ad
606 3347 746 3410 istorum
773 3347 1033 3413 benevolentiam
1061 3348 1297 3414 conciliandam
1321 3354 1355 3414 et
1377 3349 1544 3436 conligen·
1559 3371 1584 3410 aa

261 3453 350 3538 dam,
374 3475 500 3517 summo
525 3452 633 3517 studio
657 3476 708 3517 me
732 3459 942 3520 consecutum
966 3477 1050 3537 esse,
1077 3477 1137 3520 nec
1160 3455 1296 3539 frustra,
1323 3461 1361 3521 ut
1385 3457 1546 3542 arbitror3

262 3560 309 3624 sic
332 3560 418 3624 enim
443 3559 542 3644 color,
566 3560 613 3623 sic
636 3561 792 3624 observor
811 3561 851 3624 ab
875 3561 1025 3626 omnibus
1048 3561 1105 3645 eis,
1129 3562 1185 3646 qui
1204 3585 1224 3627 a
1242 3559 1381 3627 Caesare
1400 3562 1545 3649 diligun-

263 3671 330 3749 tur,
357 3671 395 3729 ut
423 3667 463 3730 ab
493 3667 539 3730 eis
568 3688 619 3729 me
648 3666 750 3729 amari
777 3671 902 3750 putem,
932 3690 1008 3731 nam
1036 3668 1098 3732 etsi
1127 3692 1193 3734 non
1220 3669 1315 3734 facile
1343 3648 1546 3735 diiudicatur

263 3795 354 3836 amor
378 3795 471 3836 verus
491 3777 524 3835 et
542 3773 646 3855 fictus,
670 3772 733 3835 nisi
752 3772 883 3856 aliquod
903 3773 1017 3838 incidit
1036 3774 1194 3840 eiusmodi
1213 3779 1352 3861 tempus,
1375 3780 1422 3859 ut,
1447 3776 1545 3861 quasi

263 3901 377 3942 aurum
400 3880 483 3963 igni,
513 3879 558 3942 sic
586 3877 805 3942 benivolentia
832 3878 936 3943 fidelis
964 3879 1109 3964 periculo
1134 3883 1244 3967 aliquo
1267 3883 1409 3967 perspici
1432 3884 1544 3968 possit
1557 3905 1585 3943 aa

266 4023 302 4030 —
330 3991 437 4049 cetera
460 3989 536 4048 sunt
559 3985 653 4069 signa
677 3984 861 4049 communia
887 4022 940 4069 —,
969 3989 1023 4051 sed
1053 4010 1114 4074 ego
1137 4011 1202 4053 uno
1231 3993 1308 4055 utor
1336 3996 1545 4075 argumento,

354 4183 376 4231 1.
396 4177 483 4230 iocari
502 4193 546 4229 nic
567 4176 600 4229 Η
619 4179 628 4244 11
651 4182 674 4230 ὀ.
695 4179 790 4231 noster
807 4177 854 4231 hic
873 4179 949 4246 MD,
973 4182 1067 4235 noster
1085 4181 1120 4234 H
1138 4185 1148 4251 11
1170 4183 1257 4250 praef.
1277 4183 1326 4307 m)
1345 4201 1369 4238 o.
1389 4182 1545 4239 Mommsen

264 4251 297 4303 ‘r.
317 4250 443 4303 btuutsr)
466 4249 508 4300 11³
528 4253 663 4316 p.706,1
688 4251 698 4316 11
720 4249 824 4317 parebo
847 4267 915 4304 corr.
935 4269 970 4304 ac
987 4253 1075 4320 probo
1094 4253 1136 4320 D,
1158 4254 1247 4322 probo
1270 4254 1338 4307 Ml
1360 4257 1371 4322 1
1398 4259 1422 4308 6.
1443 4257 1543 4323 quorul

263 4337 346 4386 quam
368 4323 408 4386 Ψ,
433 4337 495 4371 cum
515 4327 532 4372 ς
556 4321 565 4387 11
589 4324 631 4372 14.
650 4318 762 4387 Papirio
786 4337 835 4374 oua
855 4323 912 4374 icul.
933 4322 1002 4375 ΜΗ
1026 4326 1035 4391 11
1064 4329 1104 4377 15.
1124 4322 1237 4377 litterae
1260 4327 1326 4378 tuac
1346 4324 1380 4377 Η
1399 4328 1409 4394 1
1432 4325 1542 4396 amavi]

263 4390 449 4443 aniruudvcrti
466 4391 566 4459 Ii'leyu,
586 4389 690 4458 agnovi
705 4397 766 4458 post
781 4393 909 4445 Boutta-vu
930 4394 1006 4461 (‘obs.
1022 4395 1094 4448 crit’
1112 4413 1140 4463 p.
1156 4398 1211 4464 20),
1230 4399 1278 4465 qui
1296 4404 1386 4450 tamen
1403 4398 1542 4466 incr-probat

262 4465 331 4529 ipsc,
359 4462 462 4515 Becher
486 4462 688 4528 (ll'ccbcusclun
708 4464 727 4527 1ἶ
747 4463 826 4515 llcrss.
846 4463 946 4517 Plrilol.
969 4469 1186 4534 1s89p.1229).
1220 4472 1254 4531 cs.
1274 4468 1418 4521 Lehmann
1438 4486 1469 4536 p.
1485 4472 1542 4533 8611

264 4539 304 4586 17.
321 4535 406 4585 antea
416 4533 457 4599 M,
477 4536 542 4584 anto
554 4531 615 4585 HD
628 4535 637 4599 11
654 4539 693 4584 18.
709 4532 753 4585 bis
768 4533 809 4599 M,
825 4531 868 4585 his
879 4535 940 4588 HI)
954 4538 963 4603 l
979 4541 1019 4589 19.
1040 4535 1438 4658 <quo>quomodoulii122.
1455 4539 1541 4592 habet

264 4603 324 4656 111)
351 4608 359 4670 11
386 4610 428 4658 23.
449 4603 572 4671 potuerit
591 4620 620 4669 ς,
644 4603 748 4670 poterit
769 4607 797 4655 Ψ
823 4606 832 4672 11
859 4611 901 4658 25.
922 4612 963 4660 26.
988 4607 1196 4661 conciiundum
1215 4612 1244 4662 ct
1267 4608 1467 4677 conligendum
1485 4610 1522 4662 M
1533 4640 1542 4671 v,

263 4679 304 4726 27.
326 4674 376 4743 eis]
398 4675 432 4726 iis
453 4676 493 4740 M,
513 4675 556 4726 his
578 4675 637 4726 MD
651 4676 660 4741 11
674 4691 692 4727 a
710 4691 822 4726 caesare
843 4676 885 4743 ΙῙ,
905 4695 1018 4730 caesura
1037 4680 1102 4732 Ml)
1114 4682 1123 4747 11
1138 4684 1179 4731 28.
1201 4682 1232 4731 ut
1251 4681 1296 4748 M,
1316 4698 1366 4734 om.
1387 4681 1450 4735 HD
1463 4684 1474 4750 1
1487 4679 1541 4751 eis]

264 4743 307 4794 liis
329 4749 364 4811 Ψ,
384 4744 418 4796 iis
440 4746 524 4799 Orelli
538 4748 547 4814 11
561 4762 625 4796 narn
646 4744 711 4813 etsi]
733 4745 846 4797 tauretai
865 4749 916 4800 ulii
934 4752 943 4817 11
962 4749 1154 4802 diiudicantur
1174 4751 1314 4806 ll'csenber
1345 4754 1411 4821 1129.
1431 4751 1542 4805 incidat

263 4831 297 4867 ac
316 4815 370 4866 -dit
390 4816 447 4881 ΜΘ,
466 4823 496 4868 ut
515 4819 569 4869 uid.
589 4820 598 4882 11
620 4821 661 4868 30,
682 4815 776 4882 aliquo
795 4818 915 4885 perspici
932 4852 962 4858 —
979 4828 1021 4875 31.
1041 4823 1205 4890 argumento
1224 4840 1273 4876 om.
1294 4769 1331 4875 ld
