3314 5460
207 358 275 422 414
661 350 698 408 M.
718 350 823 407 TVLLI
842 349 1031 409 CICERONIS

205 525 314 606 nante,
335 523 373 584 ut
396 517 532 600 confido,
555 521 684 600 senatu,
707 521 745 580 ut
769 539 865 602 quam
893 516 1223 582 honorificentissime
1251 523 1384 583 senatus
1413 541 1490 584 con-

142 672 146 680 .
171 641 187 688 a
207 629 330 694 sultum
348 625 469 690 litteris
488 623 568 688 meis
592 623 739 689 recitatis
759 624 945 689 faciundum
965 646 1065 688 cures.
1103 624 1131 688 si
1149 623 1231 689 mihi
1250 629 1358 689 tecum
1379 625 1490 689 minus

207 740 301 819 esset,
326 755 423 818 quam
446 735 497 796 est
520 753 593 796 eum
617 732 682 796 tuis
708 732 868 816 omnibus,
891 731 1075 816 adlegarem
1101 732 1141 796 ad
1161 736 1193 796 te
1216 732 1301 816 illoc,
1325 754 1345 795 a
1368 731 1489 816 quibus

206 841 371 926 intellegis
395 862 446 903 me
470 837 641 922 praecipue
672 838 773 922 diligi.
809 838 913 922 patris
937 839 986 902 tui
1009 837 1167 903 beneficia
1189 838 1223 902 in
1246 860 1297 902 me
1321 841 1399 902 sunt
1421 861 1490 902 am-

206 949 368 1035 plissima3
390 967 496 1029 neque
519 942 605 1008 enim
629 944 728 1008 saluti
755 966 845 1008 meae
872 966 976 1029 neque
1004 944 1120 1010 honori
1149 944 1285 1010 amicior
1312 945 1490 1029 quisquam
1518 961 1531 999 ⁵

206 1056 270 1121 dici
298 1058 423 1139 potest,
451 1051 555 1115 frater
581 1055 657 1116 tuus
686 1051 800 1137 quanti
829 1073 880 1115 me
910 1051 1010 1116 faciat
1038 1074 1227 1138 semperque
1256 1051 1384 1136 fecerit,
1415 1075 1490 1117 esse

205 1163 380 1245 hominem,
404 1160 460 1243 qui
483 1159 629 1244 ignoret,
652 1159 795 1224 arbitror
822 1159 997 1242 nemiuem;
1026 1159 1141 1225 domus
1165 1163 1223 1224 tua
1250 1158 1387 1242 denique
1414 1162 1491 1223 tota

206 1293 258 1336 me
282 1289 409 1353 semper
433 1265 584 1330 omnibus
613 1265 747 1329 summis
777 1263 894 1329 officiis
922 1269 1097 1348 prosecuta
1124 1269 1188 1352 est3
1214 1287 1318 1349 neque
1347 1288 1425 1330 vero
1451 1270 1490 1330 tu

101 1369 105 1377 ¹
206 1378 239 1442 in
268 1399 319 1441 me
347 1372 511 1458 diligendo
541 1373 692 1455 cuiquam
720 1371 911 1436 concessisti
939 1375 1083 1465 tuorum:
1112 1393 1210 1457 quare
1239 1395 1258 1437 a
1290 1377 1323 1436 te
1350 1376 1429 1457 p'eto
1455 1373 1489 1436 in

207 1483 363 1548 maiorem
383 1479 524 1563 modum,
542 1482 579 1542 ut
599 1501 649 1542 me
667 1501 726 1562 per
743 1481 776 1542 te
796 1500 892 1562 quam
913 1479 1158 1543 ornatissimum
1177 1479 1258 1544 velis
1277 1500 1347 1544 esse
1367 1499 1533 1544 meam-10

207 1611 269 1674 quc
297 1592 330 1653 et
357 1588 390 1650 in
424 1584 661 1670 supplicatione
689 1585 889 1649 decernenda
916 1589 950 1649 et
977 1585 1010 1648 in
1044 1586 1160 1651 ceteris
1193 1586 1289 1651 rebus
1320 1586 1490 1652 existima-

206 1696 329 1761 tionem
353 1693 434 1758 satis
457 1692 519 1756 tibi
543 1714 613 1757 esse
637 1691 895 1757 commendatam
919 1697 1023 1777 putes.

752 1923 807 1989 nr.
833 1923 937 2010 (138.)

398 2068 443 2133 u.
466 2066 625 2135 cronno
648 2066 737 2132 lue.
763 2065 794 2132 s.
818 2067 857 2131 o.
881 2066 915 2133 c.
938 2065 1175 2134 unacumo
1201 2066 1291 2135 cos.

168 2229 180 2274 1
291 2213 440 2290 Quantae
464 2233 559 2277 curae
582 2211 644 2274 tibi
669 2231 759 2274 meus
782 2208 887 2273 honos
910 2209 1010 2274 fuerit
1029 2215 1062 2275 et
1086 2233 1184 2295 quam
1204 2212 1288 2276 idem
1312 2211 1484 2276 exstiteris
1503 2247 1528 2286 15

201 2320 314 2385 consul
337 2320 370 2383 in
394 2340 445 2382 me
470 2317 613 2384 ornando
637 2321 671 2382 et
694 2315 938 2401 amplificando,
964 2315 1019 2400 qui
1041 2316 1150 2382 fueras
1180 2340 1308 2403 semper
1331 2340 1409 2382 cum
1433 2341 1491 2402 pa·

201 2426 349 2491 rentibus
373 2425 438 2489 tuis
463 2429 593 2489 etcum
617 2428 688 2488 tota
711 2423 821 2505 domo,
845 2423 908 2486 etsi
930 2445 982 2487 res
1010 2423 1084 2507 ipsa
1105 2424 1313 2508 loquebatur,
1342 2426 1488 2509 cognovi

200 2537 311 2598 tamen
334 2554 373 2596 ex
396 2553 543 2596 meorum
572 2530 717 2595 omnium
745 2529 879 2594 litteris:
907 2529 1018 2614 itaque
1041 2530 1199 2595 nihibest
1222 2535 1367 2612 tautum,
1397 2531 1488 2615 quod

201 2661 262 2724 ego
294 2661 361 2704 non
393 2643 450 2703 tua
483 2660 581 2703 causa
613 2638 748 2702 debeam
781 2636 991 2721 facturusque
1024 2637 1087 2701 sim
1114 2638 1138 2722 †
1162 2659 1235 2701 cum
1268 2638 1416 2702 studiose
1450 2660 1490 2702 ac

165 2746 354 2829 alibenter3
386 2767 463 2811 nam
497 2745 608 2830 magni
641 2744 792 2827 interest,
825 2743 876 2808 cui
910 2743 1037 2827 debeas,
1070 2742 1186 2808 debere
1218 2747 1328 2808 autem
1360 2744 1489 2808 nemini
1504 2781 1533 2820 ,ο

201 2853 301 2916 malui
325 2873 423 2936 quam
446 2850 522 2932 tibi,
551 2851 603 2915 cui
626 2872 678 2914 me
702 2871 776 2914 cum
804 2849 913 2914 studia
936 2850 1131 2932 communia,
1158 2850 1316 2915 beneficia
1342 2855 1487 2934 paterna

200 2963 321 3043 tuaque
344 2959 409 3023 iam
434 2962 509 3022 ante
537 2957 784 3038 coniunxerant,
812 2960 883 3020 tum
912 2957 1035 3021 accedit
1063 2978 1136 3022 mea
1163 2957 1293 3041 quidem
1321 2959 1490 3022 sententia

201 3065 378 3129 maximum
401 3064 575 3148 vinculum,
599 3063 685 3147 quod
703 3064 751 3127 ita
774 3085 843 3128 rem
862 3085 893 3146 p.
912 3064 998 3149 geris
1023 3068 1121 3149 atque
1145 3064 1287 3149 gessisti,
1311 3085 1377 3148 qua
1401 3064 1486 3128 mihi

201 3170 306 3235 carius
329 3170 412 3235 nibil
436 3176 499 3254 est,
523 3175 573 3254 ut,
596 3175 755 3255 quantum
778 3169 840 3233 tibi
864 3191 976 3234 omnes
1000 3171 1078 3236 boni
1102 3171 1256 3256 debeant,
1284 3191 1349 3253 quo
1374 3171 1487 3236 minus

200 3277 392 3341 tantundem
416 3298 477 3363 ego
502 3300 585 3341 unus
609 3277 758 3357 debeam,
781 3299 847 3341 uon
870 3298 1025 3342 recusem.
1050 3277 1272 3362 quamobrem
1295 3276 1358 3340 tibi
1384 3278 1487 3342 velim
1502 3315 1529 3356 2⁵

200 3383 230 3447 ei
254 3382 321 3448 sint
345 3384 459 3467 exitus,
483 3405 565 3467 quos
588 3383 722 3447 mereris
746 3387 779 3447 et
802 3405 883 3467 quos
906 3383 976 3449 fore
999 3385 1144 3449 confido:
1167 3405 1239 3470 ego,
1262 3384 1291 3447 si
1318 3406 1370 3448 me
1395 3385 1488 3449 navi·

199 3490 291 3575 gatio
315 3512 380 3554 non
409 3489 605 3575 morabitur,
633 3513 715 3574 quae
742 3490 930 3555 incurrebat
954 3490 988 3554 in
1014 3491 1105 3575 ipsos
1133 3478 1279 3575 etesiaS,'
1293 3492 1490 3576 propediem

200 3601 243 3678 te,
267 3590 433 3681 ut⁰spero,
456 3597 583 3662 videbo.

289 3794 311 3843 1.
332 3788 612 3843 honorificentissime
636 3792 750 3844 senatus
774 3791 858 3856 (tum
880 3807 914 3843 ea
938 3792 996 3843 -tus
1015 3789 1068 3860 Dl)
1093 3789 1191 3857 ΓΗΒ,
1218 3789 1435 3847 honorificentia
1460 3809 1491 3846 se

199 3862 328 3914 senatum
346 3862 389 3927 M,
407 3859 720 3914 honorificentissimum
739 3863 852 3915 senatus
868 3864 945 3928 3112.
960 3860 1123 3915 fatiundum
1137 3861 1175 3930 D,
1194 3861 1349 3916 facundum
1365 3864 1471 3918 MFH
1483 3868 1492 3933 gl

199 3938 223 3984 ὁ.
239 3931 325 3984 saluti
340 3949 419 3985 meae
434 3948 524 4000 neque
538 3931 637 3986 honori
652 3933 693 3996 Μ,
709 3931 809 3984 salutis
823 3947 903 3985 meae
916 3948 1006 4000 neque
1016 3931 1130 3986 honoris
1140 3933 1232 3986 Fffl)
1245 3938 1254 4000 1
1269 3938 1291 3987 ’1.
1303 3934 1424 4003 ignorat
1433 3936 1472 3990 M
1481 3968 1491 4004 1

199 4011 223 4057 8.
243 4020 264 4056 s.
284 4002 427 4056 beneficiis
446 4021 472 4072 p.
493 4003 524 4056 F
543 4009 611 4066 112.
633 4019 693 4056 esse
712 4002 939 4056 commendatam
957 4004 1003 4070 M,
1028 4003 1254 4057 commendatam
1272 4021 1334 4059 esse
1354 4006 1402 4074 D,
1428 4024 1491 4061 esse

198 4073 396 4128 commendata
415 4074 478 4127 ΕΗ
496 4079 506 4142 l
530 4080 571 4128 15.
591 4073 679 4127 honos
699 4075 740 4141 M,
759 4074 847 4127 honor
868 4074 956 4127 FHD
978 4080 987 4141 11
1010 4074 1152 4148 anstiterit
1168 4075 1229 4129 *FF
1245 4085 1254 4142 1
1273 4081 1315 4130 16.
1336 4077 1440 4131 consul
1460 4079 1490 4132 in

199 4161 242 4198 mc
262 4146 308 4212 M,
332 4143 362 4197 in
384 4161 429 4199 me
453 4149 552 4199 consul
572 4145 660 4198 ΓΗΒ
682 4147 690 4213 11
716 4151 756 4198 19.
777 4162 839 4198 cum
859 4144 984 4199 studiose
1004 4145 1110 4214 (studio
1130 4162 1160 4200 se
1178 4146 1219 4215 D)
1239 4149 1284 4217 ac]
1305 4164 1372 4201 curn
1392 4149 1490 4203 studio

198 4233 231 4269 ac
255 4217 416 4287 Nipperdey
439 4218 539 4286 (opusc.
560 4235 589 4285 p.
610 4220 689 4284 466),
712 4232 797 4284 quam
821 4215 946 4270 studiose
970 4233 1004 4270 ac
1030 4217 1117 4271 Hand
1134 4217 1227 4287 (Ture.
1242 4216 1254 4271 I
1268 4236 1299 4287 p.
1319 4223 1400 4288 466),
1426 4238 1491 4274 cum

199 4286 323 4340 studiose
347 4288 408 4339 tum
432 4305 460 4354 ς,
488 4287 613 4341 studiose
638 4303 671 4340 ac
695 4289 747 4341 alii
769 4293 778 4353 11
802 4293 844 4340 21.
864 4304 908 4340 me
928 4304 991 4340 cum
1010 4288 1113 4356 FHD,
1139 4291 1245 4342 metum
1263 4307 1302 4342 aa
1320 4306 1437 4345 mecum
1456 4293 1494 4346 Μ

197 4360 296 4412 babeat
318 4375 375 4411 ooo
398 4360 493 4428 liquet,
513 4361 608 4428 potius
630 4366 720 4413 turcian
743 4361 849 4412 metum
867 4360 986 4428 (mecum
1006 4359 1041 4427 P)
1060 4361 1069 4426 l
1090 4364 1133 4413 21.
1152 4365 1195 4414 22.
1214 4362 1334 4429 paterna
1353 4366 1410 4415 tua
1427 4366 1491 4416 tua-

198 4445 252 4496 que
273 4428 334 4482 FH
353 4435 362 4495 1
385 4434 427 4482 23.
447 4429 522 4499 geris
542 4429 640 4497 FHD,
661 4429 780 4498 gesseris
800 4430 837 4482 M
856 4433 865 4495 1
886 4435 928 4484 25.
948 4446 1000 4500 ego
1020 4429 1095 4484 solus
1115 4430 1142 4483 d.
1162 4430 1192 4483 D
1210 4435 1219 4500 11
1237 4436 1280 4485 26.
1296 4431 1335 4503 ei]
1357 4432 1381 4486 ii
1396 4435 1440 4501 M,
1460 4434 1491 4487 hi

199 4499 290 4552 FHD
304 4504 313 4568 11
327 4503 394 4553 sunt
414 4501 477 4554 ΓΗ
488 4504 497 4568 1
510 4506 552 4555 26.
573 4507 615 4554 27.
634 4500 781 4569 nauigatio
801 4518 835 4554 ec
853 4500 970 4568 negatio
989 4501 1026 4554 M
1028 4509 1040 4536 ⁰
1053 4503 1062 4570 11
1076 4507 1120 4557 27.
1138 4500 1215 4570 ipsos
1235 4502 1339 4556 etesias
1356 4505 1402 4573 M,
1422 4513 1449 4560 et
1462 4506 1492 4559 D

198 4587 265 4625 corr.
286 4590 303 4624 a
321 4589 356 4625 nc.
373 4577 396 4640 1,
416 4571 478 4641 ipso
493 4589 523 4625 se
537 4576 566 4626 te
581 4573 638 4626 sias
654 4572 704 4641 D¹,
724 4571 785 4640 ipso
800 4588 830 4624 se
844 4575 873 4624 te
888 4571 962 4625 scias
978 4571 1040 4625 ΜΗ
1049 4579 1058 4643 1
1072 4578 1115 4627 28.
1131 4575 1163 4625 ut
1181 4589 1261 4642 spero
1280 4576 1310 4626 te
1330 4574 1362 4627 D
