3286 5460
218 388 261 451 26
673 387 711 443 ιι.
730 386 837 442 rvnm
855 385 1045 444 orosaoms

218 550 412 616 Aristotelio
440 573 543 635 more,
571 551 841 635 quemadmodum
871 550 1001 635 quidem
1024 553 1125 636 volui,
1155 556 1223 618 tres
1250 553 1354 618 libros
1378 554 1412 617 in
1436 555 1496 620 dis·

217 658 388 742 putatione
417 680 454 723 ac
482 657 613 741 dialogo
643 656 693 722 ‘de
717 656 867 741 oratore’,
898 679 979 741 quos
1008 658 1151 723 arbitror
1173 657 1314 725 Lentulo
1342 664 1400 725 tuo
1428 661 1495 726 fore

217 787 282 828 non
306 762 442 849 inutilis,
465 763 641 828 abhorrent
659 763 746 828 enim
764 785 784 827 a
802 764 1028 828 communibus
1047 766 1230 850 praeceptis
1250 770 1348 850 atque
1367 789 1495 832 omnem

217 871 435 954 antiquorum,
459 875 492 934 et
510 870 738 935 Aristoteliam
761 873 795 933 et
813 869 1021 955 isocrateam,
1044 872 1205 937 rationem
1226 873 1404 938 oratoriam
1424 897 1495 940 con·

216 977 412 1061 plectuntur.
449 977 567 1062 scripsi
590 975 688 1040 etiam
712 976 860 1041 versibus
880 981 946 1041 tres
975 977 1077 1043 libros
1101 979 1152 1044 ‘de
1171 980 1375 1064 temporibus
1393 979 1529 1064 meis',s

218 1106 299 1168 quos
318 1084 384 1149 iam
402 1084 528 1169 pridem
552 1083 592 1147 ad
616 1086 649 1146 te
673 1082 844 1164 misissem,
868 1083 895 1148 si
915 1105 985 1149 esse
1004 1085 1143 1150 edendos
1168 1090 1336 1171 putassem
1358 1124 1395 1134 -
1419 1091 1495 1152 sunt

217 1192 303 1255 enim
322 1196 423 1256 testes
443 1194 476 1256 et
495 1195 590 1255 emnt
608 1189 798 1273 sempiterni
812 1189 1004 1255 meritorum
1022 1213 1100 1277 erga
1118 1213 1169 1256 me
1188 1196 1321 1257 tuorum
1339 1214 1494 1278 meaeque

216 1298 349 1382 pietatis
369 1333 421 1375 -‚
444 1297 538 1381 tsed,
562 1296 639 1380 quia
662 1297 797 1361 verebar
815 1317 881 1360 non
906 1318 971 1383 eos,
995 1298 1050 1381 qui
1074 1320 1108 1362 se
1132 1299 1237 1364 laesos
1257 1299 1496 1365 arbitrarentur

218 1404 400 1469 —etenim
422 1403 456 1468 id
480 1403 542 1469 feci
560 1425 656 1488 parce
683 1407 717 1467 et
739 1403 882 1468 molliter
900 1441 953 1488 -,
977 1405 1033 1469 sed
1051 1426 1116 1490 eos,
1140 1426 1222 1488 quos
1242 1409 1313 1470 erat
1331 1405 1494 1472 infinitum

218 1513 299 1575 bene
327 1511 365 1575 de
389 1509 485 1595 <me>
507 1510 642 1575 meritos
671 1511 777 1575 omnis
806 1511 987 1595 nominare3
1018 1517 1099 1596 quos
1127 1516 1237 1577 tamen
1266 1513 1356 1596 ipsos
1385 1514 1496 1597 libros,
1509 1535 1531 1573 u

217 1618 246 1683 si
270 1639 375 1701 quem,
398 1616 449 1681 cui
474 1620 559 1681 recte
583 1617 802 1702 committam,
823 1618 992 1703 invenero,
1015 1618 1135 1683 curabo
1159 1620 1199 1683 ad
1223 1623 1255 1683 te
1278 1620 1495 1704 perferendos.

217 1728 315 1808 atque
342 1724 441 1788 istam
469 1723 599 1807 quidem
626 1728 753 1808 partem
780 1725 866 1788 vitae
895 1725 1201 1809 consuetudinisque
1229 1729 1361 1791 nostrae
1389 1730 1494 1792 totam

216 1832 255 1896 ad
280 1835 311 1894 te
335 1830 457 1895 defero:
488 1834 646 1913 quantum
673 1830 807 1915 litteris,
836 1835 995 1915 quantum
1018 1831 1148 1916 studiis,
1176 1832 1339 1897 veteribus
1368 1834 1492 1898 nostris

215 1937 500 2021 delectationibus,
530 1938 683 2021 consequi
712 1938 906 2023 poterimus,
937 1937 971 2003 id
1000 1960 1094 2003 omne
1122 1939 1161 2003 ad
1191 1938 1365 2003 arbitrium
1392 1944 1494 2024 tuum,

162 2063 195 2109 24
215 2046 270 2130 qni
293 2045 374 2110 haec
398 2066 525 2127 semper
548 2044 680 2128 amasti,
709 2043 924 2109 libentissime
949 2044 1161 2110 conferemus.
1207 2067 1289 2129 qnae
1317 2046 1358 2110 ad
1382 2068 1434 2112 me
1457 2047 1494 2112 de
1507 2065 1528 2106 1⁵

215 2152 280 2216 tuis
304 2153 401 2216 rebus
425 2151 613 2216 domesticis
642 2151 758 2216 scribis
787 2173 933 2235 quaeque
962 2152 1043 2216 mihi
1071 2153 1293 2236 commendas,
1322 2176 1360 2219 ea
1384 2159 1494 2220 tantae

216 2259 297 2323 mihi
321 2281 415 2323 curae
440 2261 529 2342 sunt,
557 2262 594 2321 ut
621 2280 673 2322 me
696 2256 800 2322 nolim
828 2259 1007 2345 admoneri,
1036 2260 1146 2345 rogari
1174 2282 1249 2325 vero
1278 2260 1347 2325 sine
1376 2282 1494 2348 magno

215 2366 326 2430 dolore
349 2366 403 2430 vix
426 2365 558 2449 possim.
597 2365 683 2448 quod
706 2365 744 2429 de
764 2363 877 2440 Quinti
896 2365 1008 2431 fratris
1027 2365 1161 2451 negotio
1182 2367 1307 2450 scribis,
1329 2371 1363 2431 te
1385 2368 1493 2452 priore

214 2476 348 2556 aestate,
372 2473 459 2556 quod
482 2473 596 2537 morbo
621 2471 796 2555 impeditus
818 2472 852 2534 in
873 2471 1021 2538 Ciliciam
1044 2494 1110 2537 non
1133 2473 1311 2556 transieris,
1335 2474 1493 2540 conficere

215 2602 280 2644 non
307 2579 468 2664 potuisse,
500 2601 585 2644 nunc
615 2582 724 2642 autem
754 2578 863 2642 omnia
889 2578 1066 2664 facturum,
1094 2583 1132 2643 ut
1159 2579 1326 2664 conficias,
1348 2580 1382 2644 id
1411 2582 1532 2647 scitos

215 2709 285 2751 esse
313 2687 486 2768 eiusmodi,
517 2691 554 2750 ut
581 2685 684 2750 frater
711 2707 801 2750 meus
828 2707 902 2749 vere
932 2686 1097 2758 existimet
1120 2687 1272 2752 adiuncto
1300 2686 1366 2751 isto
1394 2687 1495 2753 fundo

215 2793 449 2877 patrimonium
476 2792 546 2857 fore
576 2814 670 2857 suum
697 2815 756 2876 per
779 2796 812 2856 te
843 2791 1066 2858 constitutum.
1113 2796 1150 2857 tu
1173 2814 1224 2857 me
1247 2793 1286 2857 de
1308 2793 1375 2857 tuis
1399 2795 1496 2860 rebus

217 2899 367 2963 omnibus
400 2903 434 2963 et
467 2900 505 2962 de
538 2897 669 2963 Lentuli
702 2898 750 2962 tui
787 2899 956 2983 nostrique
992 2898 1109 2964 studiis
1142 2905 1176 2965 et
1208 2898 1495 2966 exercitationibus

216 3005 314 3069 velim
348 3027 446 3089 quam
477 3004 732 3069 familiarissime
766 3006 937 3070 certiorem
970 3011 1003 3070 et
1036 3027 1133 3090 quam
1173 3004 1361 3091 saepissime
1393 3006 1495 3073 facias

216 3112 457 3195 existumesque
480 3112 642 3177 neminem
666 3112 817 3196 cuiquam
840 3135 944 3198 neque
964 3113 1122 3178 cariorem
1144 3134 1248 3198 neque
1271 3112 1495 3179 iucundiorem
1509 3114 1573 3172 ’ἒ

217 3240 371 3302 umquam
394 3218 508 3303 fuisse,
538 3241 635 3303 quam
658 3223 690 3283 te
714 3220 810 3297 mihi,
839 3219 935 3304 idque
959 3242 1010 3285 me
1033 3243 1100 3285 non
1122 3221 1218 3285 modo
1242 3224 1280 3285 ut
1303 3224 1339 3284 tn
1363 3220 1497 3304 sentias,

217 3326 271 3391 sed
304 3329 342 3389 nt
374 3347 485 3390 omnes
518 3330 649 3411 gentes,
681 3327 777 3392 etiam
808 3331 845 3391 ut
872 3327 1049 3412 posteritas
1082 3326 1188 3391 omnis
1222 3326 1394 3411 intellegat
1426 3348 1496 3392 esse

164 3447 197 3496 ao
216 3435 386 3498 facturum.
419 3431 546 3518 Appius
566 3434 599 3498 in
619 3434 823 3499 sermonibus
842 3437 939 3498 antea
957 3434 1140 3516 dictitabat,
1163 3436 1278 3517 postea
1297 3431 1379 3495 dixit
1397 3432 1497 3497 etiam

215 3540 251 3604 in
274 3543 388 3604 senatu
411 3541 520 3625 palam
544 3561 628 3624 sese,
653 3541 681 3605 si
704 3540 833 3605 licitum
856 3544 943 3605 esset
965 3539 1072 3625 legem
1095 3538 1255 3604 curiatam
1277 3537 1378 3620 ferre,
1402 3538 1497 3603 sorti·

216 3652 325 3712 turum
360 3669 429 3711 esse
465 3669 537 3712 cum
572 3646 698 3732 collega
732 3646 946 3731 provinciam,
981 3645 1011 3710 si
1046 3645 1171 3711 curiata
1205 3645 1256 3708 lex
1290 3665 1356 3709 non
1391 3646 1573 3729 essetfffi

305 3846 328 3894 1.
348 3838 505 3893 aristotelio
520 3840 557 3893 M
572 3839 639 3909 (-lco
654 3840 722 3907 Μ’),
742 3837 808 3892 -lico
823 3839 850 3893 R
864 3840 874 3908 ιι
888 3845 912 3892 1.
927 3843 951 3893 2.
971 3837 1001 3892 in
1019 3835 1090 3907 disp.
1111 3853 1144 3890 ac
1163 3836 1189 3892 d.
1209 3854 1272 3893 cum
1285 3837 1423 3893 Lambiso
1441 3837 1493 3892 del.

122 3934 126 3941 ·
217 3912 501 3982 Mummi-Laqueo,
529 3917 559 3965 at
582 3914 614 3978 cf.
633 3911 658 3965 I.
674 3911 801 3981 Bernuys
826 3911 863 3964 ‘d
883 3910 962 3964 Diul.
981 3911 1007 3964 d.
1026 3909 1153 3964 Aristot'
1175 3913 1276 3977 P·13⁷
1299 3908 1383 3978 deque
1409 3909 1497 3964 simili

217 3983 331 4037 Senecac
353 3984 459 4036 ratione
480 3983 511 4037 0.
527 3983 664 4037 Rossbach
683 3982 776 4036 Hem.
796 3980 873 4034 XVII
888 3999 918 4050 p.
934 3986 985 4034 365
1003 3998 1041 4050 sq.
1065 3979 1094 4033 in
1116 3997 1189 4050 susp.
1210 3979 1384 4050 Wcscsbcrp,
1407 3986 1437 4034 ot
1461 3981 1497 4046 ef.

217 4053 505 4123 Namusam-Messe
524 4053 584 4107 ‘zac
604 4052 731 4107 stilicus
750 4071 778 4121 p.
794 4053 860 4104 205⁸
873 4054 882 4120 ιι
897 4057 920 4106 a.
941 4069 958 4104 a
977 4052 1065 4119 aare
1083 4067 1134 4105 cm.
1149 4051 1185 4104 M
1189 4051 1193 4084 ¹
1209 4053 1218 4118 ιι
1232 4051 1317 4118 atqde
1332 4049 1369 4116 R,
1388 4049 1426 4103 ab
1442 4044 1498 4117 lv,

216 4125 246 4176 et
264 4125 314 4177 Μὓ
332 4127 341 4193 ιι
360 4131 384 4178 4.
404 4123 608 4177 aristotelicam
627 4124 654 4178 R
672 4126 682 4192 ιι
699 4122 887 4177 hisocrateam
906 4124 953 4189 M,
972 4122 1160 4176 insocratoam
1179 4122 1206 4176 R
1224 4123 1233 4189 l
1253 4127 1276 4175 t.
1297 4121 1332 4174 de
1351 4122 1370 4175 t.
1391 4122 1440 4191 m]
1460 4123 1498 4188 cs.

218 4195 257 4248 M.
270 4196 410 4250 Grollmus
430 4195 474 4249 ‘dc
490 4195 543 4249 Oic.
554 4195 647 4263 poctc'
668 4196 733 4250 clr'ss.
749 4195 852 4264 Rapina.
869 4199 936 4247 1887
952 4212 981 4264 p.
993 4199 1027 4249 34
1041 4211 1078 4263 sq.
1093 4196 1103 4262 ιι
1117 4198 1141 4247 t.
1156 4190 1310 4246 mississem
1324 4192 1361 4245 M
1370 4194 1380 4260 ιι
1394 4197 1418 4246 8.
1430 4189 1500 4260 quia

217 4267 268 4320 dcl.
289 4260 311 4319 Ῑ.
328 4265 363 4320 F.
380 4267 549 4331 Gronovius,
573 4266 669 4320 nelias
683 4272 747 4335 post
765 4264 909 4319 nominare
934 4267 1061 4319 lucernum
1078 4266 1177 4319 statuit
1196 4263 1354 4332 Wcscubcrq
1367 4265 1377 4331 ιι
1392 4267 1434 4317 10,
1452 4280 1499 4317 mc

218 4354 266 4391 orn.
288 4337 374 4401 MR1,
398 4354 457 4405 sup.
482 4353 518 4390 us.
538 4338 602 4390 cdd.
623 4336 667 4389 12²
690 4339 699 4403 ιι
723 4343 764 4390 14.
785 4335 1028 4403 delictationibus,
1050 4335 1069 4389 b
1093 4352 1160 4390 cors.
1181 4353 1199 4387 a
1218 4334 1280 4401 ΜΟ,
1304 4333 1351 4399 Μ,
1375 4330 1499 4388 delecta·

218 4406 302 4460 tionis
322 4409 349 4462 R
363 4410 372 4475 ιι
391 4424 471 4461 omne
491 4407 528 4460 ad
546 4424 576 4474 ς,
599 4424 679 4460 omne
699 4408 737 4460 M
751 4407 800 4476 (ad
818 4425 877 4476 sup.
896 4424 933 4461 vs.
953 4407 1018 4461 add.
1038 4408 1111 4475 Μ’),
1136 4405 1173 4458 ad
1192 4421 1273 4458 omne
1292 4405 1320 4459 R
1338 4406 1347 4472 ιι
1367 4409 1408 4459 lo.
1428 4403 1500 4458 mihi

219 4477 397 4531 commendas
421 4494 455 4531 ea
478 4496 527 4533 om.
547 4479 574 4531 R
597 4480 606 4546 Ιι
628 4479 707 4532 tante
726 4479 768 4542 R,
790 4479 819 4531 et
843 4480 908 4531 ante
928 4479 964 4531 M
987 4478 1030 4545 (ut
1048 4479 1077 4531 et
1096 4478 1162 4531 ante
1181 4477 1219 4530 M
1221 4478 1241 4543 ¹)
1264 4479 1273 4545 ιι
1298 4480 1339 4529 17.
1359 4473 1417 4528 sint
1436 4476 1500 4530 MR

219 4550 295 4615 (sunt
313 4549 348 4600 M
352 4556 372 4616 Γι
395 4551 404 4616 ιι
429 4555 469 4603 18.
489 4549 538 4603 uix
556 4551 597 4616 R,
621 4547 680 4602 uim
699 4551 735 4602 M
754 4551 763 4629 ιι
786 4548 862 4617 quod
881 4548 915 4601 de
935 4546 1044 4629 Quinti]
1071 4548 1146 4616 quod
1171 4547 1205 4601 de
1224 4563 1278 4615 que
1297 4546 1343 4613 M,
1367 4545 1501 4615 quodque

220 4617 254 4670 de
274 4619 301 4672 a
320 4621 328 4685 ιι
347 4621 376 4672 te
394 4620 451 4685 ΜΤ,
472 4623 500 4673 et
519 4622 580 4675 MR
598 4623 608 4688 ιι
628 4626 668 4674 19.
688 4619 717 4673 in
736 4619 859 4674 ciciliam
879 4621 915 4672 M
925 4621 934 4687 ιι
953 4625 994 4674 20.
1015 4621 1071 4674 cito
1091 4620 1118 4674 R
1132 4623 1142 4687 ιι
1160 4624 1202 4672 24.
1222 4615 1371 4671 familiaris
1390 4634 1436 4672 me
1454 4617 1503 4688 Βιι

220 4694 262 4741 26.
282 4690 313 4740 tu
333 4690 372 4754 R,
396 4692 424 4742 te
442 4693 478 4745 M
496 4694 537 4760 ιιι]
556 4692 593 4745 M
595 4693 616 4758 ῐι
639 4694 648 4759 ιι
671 4697 713 4745 27.
733 4689 820 4744 etiam
839 4692 957 4759 etpost.
981 4692 1033 4745 ulii
1055 4693 1064 4758 ιι
1087 4695 1129 4744 28.
1150 4688 1327 4813 Appimlfs'
1349 4688 1504 4744 Mommsen

221 4760 254 4812 ‘r.
271 4759 398 4813 Stautsrst
419 4761 449 4811 1³
464 4780 492 4841 p.
504 4768 555 4814 613
565 4780 602 4831 sq.
617 4765 626 4830 ιι
640 4761 768 4815 dictabat
783 4761 810 4815 R
823 4763 832 4829 ιι
847 4768 888 4815 30.
904 4777 956 4816 con
971 4761 1080 4832 collega
1094 4762 1131 4814 M
1133 4760 1148 4827 ¹,
1168 4778 1236 4816 corr.
1290 4766 1302 4794 ⁰
1315 4762 1325 4829 ι
1338 4758 1503 4828 provincias

226 4830 383 4900 Wcscsbcry
397 4831 406 4896 ιι
420 4834 526 4885 currate
545 4833 582 4886 M
596 4833 651 4899 (ta
669 4833 706 4886 M
709 4835 729 4900 ¹)
