3314 5460
602 117 859 174 scissurarum
878 121 923 175 rx.
945 128 985 174 14.
1008 126 1048 175 ιε).
1402 117 1468 186 226

188 284 333 369 perinde,
365 289 401 348 ut
429 289 480 349 est
507 306 635 369 reapse,
666 308 704 349 ex
732 285 853 350 litteris
882 285 1064 370 perspicere
1094 285 1246 370 potuisti:
1277 308 1365 369 nam,
1393 309 1466 351 cnm

189 414 206 454 a
233 392 314 455 satis
344 391 456 455 multis
484 428 520 437 -
546 412 612 455 non
646 391 732 455 enim
764 414 899 475 possum
932 393 1027 456 aliter
1059 392 1163 456 dicere
1190 430 1228 438 —
1253 397 1287 457 et
1320 393 1382 457 coli
1415 416 1466 458 me

190 498 313 562 videam
334 501 368 562 et
386 497 488 582 diligi,
512 520 607 562 nemo
627 502 677 562 est
695 498 825 562 illorum
847 497 991 562 omnium
1014 499 1094 562 mihi
1119 503 1151 563 te
1175 499 1358 583 iucundior3
1380 522 1467 583 nam,

191 604 273 687 quod
302 626 353 668 me
382 626 486 681 amaa,
514 605 601 688 quod
630 605 662 668 id
690 610 723 669 et
745 603 938 689 iampridem
967 610 1000 669 et
1028 609 1215 670 constanter
1237 604 1331 688 facis,
1359 606 1465 670 estid

146 711 317 793 ⁵quidem
342 731 496 796 magnum
520 716 618 794 atque
641 710 727 775 haud
756 712 824 776 scio
847 734 889 776 an
913 711 1104 796 maximum,
1132 713 1187 777 sed
1211 713 1272 777 tibi
1296 734 1465 777 commune

192 839 260 882 curn
283 817 412 901 multis,
440 817 526 901 quod
550 822 587 881 tu
611 817 681 901 ipse
705 822 773 882 tam
802 819 959 882 amandus
983 841 1016 882 ea
1041 823 1173 903 tamque
1202 819 1305 883 dulcis
1333 822 1465 903 tamque

192 923 222 986 in
243 925 333 989 omni
357 945 475 1009 genere
497 924 665 1007 iucundus,
689 925 722 988 id
741 929 792 988 est
811 924 942 1009 proprie
962 928 1070 1009 tunm3
1093 926 1250 990 accedunt
1268 946 1333 989 non
1352 923 1466 1009 Attici,
1485 942 1501 989 2

195 1031 242 1094 sed
271 1030 439 1115 salsiores,
469 1052 566 1114 qnam
595 1030 642 1094 illi
672 1029 872 1113 Atticorum,
902 1030 1042 1096 Romani
1071 1036 1195 1097 veteres
1225 1037 1322 1116 atque
1349 1031 1466 1096 urbani

198 1136 284 1220 sales,
318 1158 380 1223 ego
411 1141 520 1202 autem
548 1173 592 1183 —
621 1136 787 1202 existimes
816 1137 893 1202 lieet
927 1137 1097 1221 quidlubet
1121 1177 1162 1184 -
1187 1138 1322 1204 mirifice
1356 1138 1467 1223 capior

124 1270 170 1308 ο
200 1240 328 1327 facetiis,
357 1244 495 1308 maxime
524 1243 741 1326 nostratibus,
768 1244 961 1327 praesertim
991 1267 1064 1309 cnm
1092 1266 1146 1309 eas
1169 1245 1296 1309 videam
1323 1246 1465 1329 primum

201 1348 305 1412 oblitas
330 1348 427 1418 Latio
450 1357 535 1437 tum,
564 1349 693 1419 cumin
717 1350 829 1415 urbem
857 1354 1004 1415 nostram
1032 1355 1082 1415 est
1105 1350 1213 1416 infusa
1240 1350 1466 1437 peregrinitas,

200 1475 270 1521 nmc
302 1477 381 1521 vero
414 1445 512 1512 etiam
546 1450 687 1520 bracatis
719 1461 752 1520 et
785 1456 995 1540 transalpinis
1028 1456 1231 1541 nationibnS,
1272 1463 1308 1522 ut
1340 1458 1466 1522 nullum

196 1562 305 1626 ceteris
335 1560 457 1646 leporis
488 1561 665 1647 vestigium
694 1568 857 1647 appareat.
904 1564 1027 1648 itaque,
1060 1569 1092 1628 tc
1120 1587 1193 1629 curn
1222 1565 1328 1647 vide0,
1361 1550 1466 1629 omnis

191 1667 267 1732 mihi
286 1667 439 1752 Granios,
462 1668 567 1731 omnis
590 1667 745 1754 Lucilios,
767 1705 812 1715 -
830 1690 904 1732 vere
928 1674 965 1733 ut
988 1670 1094 1735 dicam
1113 1708 1157 1716 -
1177 1669 1312 1735 Crassos
1338 1693 1465 1754 quoque

124 1796 152 1834 5
185 1779 222 1837 et
239 1774 370 1839 Laelios
389 1774 497 1838 videre
520 1774 645 1839 videor:
670 1776 800 1859 moriar,
824 1775 851 1839 si
876 1781 1005 1859 praeter
1029 1780 1061 1840 te
1086 1799 1280 1860 quemquam
1304 1776 1463 1860 reliquum

172 1879 302 1966 liabeo,
331 1881 366 1945 in
390 1902 455 1964 quo
478 1880 603 1964 possim
625 1881 803 1967 imaginem
826 1879 979 1965 antiquae
1003 1886 1037 1947 ct
1058 1884 1250 1947 vernaculae
1274 1882 1465 1947 festivitatis

171 1986 391 2072 adgnoscere.
437 1987 478 2050 ad
509 1985 570 2051 hoa
602 1987 729 2071 lepores
762 2010 835 2053 cum
869 2010 960 2052 amor
992 2009 1069 2073 erga
1101 2011 1151 2052 me
1179 1992 1292 2054 tantus
1326 1990 1466 2073 accedat,

175 2093 312 2158 miraris
337 2115 389 2158 me
412 2097 505 2158 tanta
523 2094 770 2178 perturbatione
789 2094 984 2159 valetudinis
1009 2099 1084 2160 tuae
1108 2100 1176 2159 tarn
1196 2095 1340 2180 graviter
1359 2095 1465 2160 exani-

174 2205 310 2264 matum
333 2200 457 2265 fuisse?
503 2201 588 2284 quod
617 2205 724 2265 autern
755 2202 857 2265 altera
885 2201 1027 2285 epistula
1053 2222 1174 2287 purgas
1199 2207 1232 2265 te
1255 2223 1320 2266 non
1343 2201 1499 2267 dissue-3

125 2320 165 2364 ao
179 2324 293 2371 sorem
324 2307 405 2371 mihi
434 2306 610 2389 emptionis
634 2305 870 2391 Neapolitanae
898 2305 1014 2388 fuisse,
1042 2307 1098 2372 sed
1126 2311 1293 2372 auctorem
1322 2308 1464 2372 modera-

178 2411 296 2497 tionis,
318 2414 454 2490 urbane,
477 2434 580 2496 neque
605 2434 665 2498 ego
689 2413 786 2477 aliter
809 2412 935 2497 accepi,
957 2412 1103 2477 intellexi
1127 2418 1235 2477 tamen
1260 2414 1354 2497 idem,
1378 2415 1464 2498 quod

178 2514 235 2581 his
264 2519 418 2604 intellego
446 2518 581 2603 litteris,
607 2541 673 2584 non
702 2518 906 2583 existimasse
930 2523 963 2581 te
987 2518 1066 2582 mihi
1095 2519 1191 2583 licere
1215 2520 1261 2603 id,
1289 2521 1375 2603 quod
1403 2541 1465 2606 ego

178 2624 380 2709 arbitrabar,
405 2646 456 2688 res
479 2624 539 2688 has
562 2645 629 2689 non
652 2623 783 2687 omnino
804 2624 942 2707 quidem,
966 2624 1022 2687 sed
1046 2645 1197 2709 magnam
1221 2629 1347 2707 partem
1371 2627 1465 2691 relin-

179 2749 294 2808 quere.
339 2730 493 2797 Catulum
517 2731 598 2795 mihi
621 2751 733 2794 narras
762 2734 795 2793 et
823 2729 879 2793 illa
902 2733 1062 2814 tempora:
1093 2730 1172 2813 quid
1200 2730 1329 2795 simile?
1356 2733 1465 2796 nemi

156 2836 317 2915 squidem
346 2837 411 2922 ipsi
439 2841 517 2903 tunc
545 2838 695 2920 placebat
718 2835 840 2900 diutius
865 2836 977 2899 abesse
1001 2837 1041 2899 ab
1066 2836 1112 2900 rei
1135 2859 1164 2920 p.
1189 2838 1348 2922 custodia,
1378 2841 1465 2904 sedc-

185 2941 303 3010 bamus
330 2946 417 3009 enim
446 2944 479 3007 in
506 2943 608 3028 puppi
637 2946 670 3007 et
698 2943 824 3007 clavum
848 2941 1053 3026 tenebamus,
1083 2965 1168 3008 nunc
1196 2948 1305 3008 autem
1333 2945 1386 3008 rix
1415 2951 1466 3011 est

193 3046 226 3109 in
257 3053 378 3117 sentina
406 3050 504 3115 locus.
551 3072 592 3115 an
621 3050 728 3113 minus
756 3047 860 3112 multa
882 3070 906 3112 s.
931 3071 955 3113 c.
980 3047 1092 3113 futura
1119 3055 1230 3133 putas,
1257 3048 1286 3113 si
1314 3071 1375 3135 ego
1403 3053 1500 3116 sima

199 3147 349 3241 Neapoli?
386 3156 511 3221 Itomae
536 3178 608 3221 curn
638 3159 766 3219 sumet
790 3175 891 3240 urgeo
915 3153 1035 3238 forum,
1066 3177 1090 3218 s.
1114 3178 1138 3219 c.
1164 3155 1351 3218 scribuntur
1379 3159 1463 3240 apud

207 3267 366 3328 amatorem
398 3268 504 3341 tuum,
536 3262 730 3326 familiarem
763 3283 885 3345 meum,
917 3265 951 3324 et
983 3261 1126 3345 quidem,
1159 3283 1232 3326 cnm
1260 3261 1293 3324 in
1323 3268 1464 3327 mentem

124 3448 127 3463 Ι
186 3369 293 3452 evenit,
322 3391 428 3455 ponor
456 3369 497 3433 ad
524 3368 729 3433 scribendum
758 3372 792 3431 et
819 3372 893 3430 ante
927 3367 1021 3431 audio
1050 3389 1074 3430 s.
1098 3389 1123 3431 e.
1152 3368 1185 3431 in
1214 3368 1400 3432 Armeniam
1431 3375 1464 3433 et

124 3470 126 3475 ’
216 3464 316 3553 Syriam
344 3498 416 3541 esse
444 3475 619 3560 perlatum,
650 3475 735 3558 qnod
765 3475 798 3537 in
822 3495 927 3537 meam
955 3474 1149 3537 sententiam
1177 3472 1302 3537 factum
1326 3497 1395 3539 esse
1420 3476 1464 3540 di·

216 3583 292 3666 catur,
314 3604 411 3667 quam
436 3583 567 3647 omnino
588 3579 786 3645 mentionem
805 3580 905 3643 ullam
929 3581 967 3643 de
991 3601 1029 3643 ea
1052 3601 1086 3644 re
1110 3601 1180 3643 esse
1199 3578 1328 3644 factam.
1366 3587 1463 3665 atque

212 3739 400 3752 ''Q—...mm—

280 3852 302 3901 1.
320 3846 419 3901 reabse
439 3846 481 3913 Μ,
500 3863 529 3899 re
548 3850 603 3914 (res
623 3844 683 3914 Η)
700 3844 764 3914 ipsa
783 3844 844 3898 HD
861 3847 870 3913 Ι)
891 3850 915 3898 4.
935 3848 964 3897 at
982 3844 1160 3915 iampridem]
1180 3842 1267 3899 ctiam
1285 3843 1393 3912 pridem
1415 3846 1459 3903 Ψ1

205 3920 224 3970 6.
241 3916 381 3984 quidlubet
400 3916 553 3987 (quidlibet
566 3916 607 3997 D)
626 3917 697 3983 MD,
717 3915 792 3983 quod
810 3914 883 3969 libet
897 3915 951 3984 Η)
967 3921 1007 3970 10.
1027 3915 1137 3970 facetiis
1156 3915 1186 3969 D
1204 3915 1252 3984 (M
1254 3917 1284 3983 r)‚
1302 3915 1410 3968 facetus
1426 3914 1465 3983 H,

201 3987 239 4042 fac
261 3991 287 4043 et
306 3988 350 4044 his
368 3990 408 4043 M
435 3991 445 4057 Ι)
478 3994 519 4042 11.
538 3987 602 4041 Latr
620 3993 646 4041 et
665 3993 706 4040 12.
727 3985 812 4039 etiam
836 3985 908 4057 <in>
931 3985 972 4040 br.
996 3990 1065 4041 corti.
1090 3987 1206 4057 Madvip
1230 3986 1315 4053 (bria.
1334 3987 1405 4040 crit)
1427 3986 1465 4038 111

193 4078 219 4129 p.
235 4064 307 4128 166),
333 4060 394 4114 luto
418 4076 472 4129 pro
495 4058 577 4112 Latio
605 4059 772 4113 comacendat
799 4058 828 4111 0.
850 4058 1016 4124 Hirschfeld.
1054 4060 1152 4112 vitium
1174 4058 1286 4126 aliquod
1314 4058 1396 4111 latere
1418 4074 1466 4127 epo

196 4147 293 4201 quoqu
306 4138 376 4201 pato
398 4135 408 4200 p
433 4134 474 4183 12.
494 4129 580 4183 etiam
599 4147 649 4183 orn.
670 4129 703 4182 H
722 4132 732 4196 1)
756 4134 795 4181 16.
816 4127 940 4198 Laelios]
960 4128 1055 4182 Aelios
1075 4129 1185 4182 lleascle
1203 4135 1228 4181 et
1248 4128 1339 4181 Orelli.
1370 4135 1466 4182 contra

192 4223 213 4259 a
234 4201 269 4256 12‘.
284 4202 376 4257 Monta
405 4203 454 4256 ‘de
477 4201 510 4254 L.
527 4202 607 4255 Aelio
631 4201 749 4254 btilcne’
780 4200 854 4267 (drea.
876 4200 933 4253 len.
955 4203 1034 4268 1866)
1055 4204 1115 4268 pt)
1143 4201 1152 4267 ΙΙ
1179 4198 1317 4265 reliquum
1340 4215 1383 4251 om
1414 4198 1466 4269 1))

191 4280 231 4329 16.
252 4272 417 4327 festinitatis
436 4272 481 4338 Η,
508 4275 536 4325 et
554 4271 572 4324 f.
594 4271 657 4325 MD
680 4273 721 4340 (et
738 4289 797 4340 exp.
819 4271 877 4338 M')
900 4275 910 4337 fl
933 4276 974 4324 17.
995 4274 1025 4323 at
1044 4272 1079 4324 M
1099 4274 1108 4338 Ι)
1131 4276 1172 4323 20.
1193 4275 1235 4323 21.
1255 4268 1465 4337 moderationis,

188 4345 295 4400 urbane
314 4346 431 4415 Madviq
454 4344 502 4408 (ad
521 4344 576 4398 (lic.
595 4344 628 4397 de
645 4344 693 4409 fia.
709 4361 739 4411 p.
755 4341 844 4409 806³),
870 4341 1070 4395 moderationis
1094 4341 1218 4394 urbanae
1244 4342 1279 4393 Ψ.
1313 4355 1465 4393 commora-

186 4415 274 4473 tionis
297 4415 423 4469 urbanae
446 4415 499 4468 alii
524 4416 534 4482 Ι)
561 4419 604 4468 21.
628 4412 724 4482 accepi
749 4412 818 4484 (et)
841 4412 891 4467 int.
916 4417 1009 4466 tamen
1034 4413 1194 4482 Nipperdey
1218 4413 1318 4480 lepreso.
1335 4430 1365 4481 p.
1381 4417 1443 4480 166)
1458 4445 1466 4476 κ,

184 4498 228 4546 26,
260 4489 305 4541 est
334 4505 386 4542 om.
415 4486 450 4540 H
481 4488 492 4554 1
527 4489 570 4539 27.
599 4484 633 4555 a]
667 4486 781 4537 senatus
813 4486 837 4538 b.
864 4486 881 4537 I.
913 4488 943 4536 Ψ
976 4490 985 4552 Ι)
1022 4488 1063 4537 30,
1092 4499 1180 4551 ponor
1213 4488 1308 4551 (conor
1337 4484 1396 4552 Mf‘)
1430 4482 1466 4536 ad

184 4557 379 4630 scribendum]
399 4572 489 4627 ponor
507 4556 631 4609 adfuisse
650 4555 797 4609 scribendo
816 4557 869 4608 ulii

240 4660 290 4699 t'rc.
305 4671 339 4706 ap.
354 4658 388 4697 ed.
404 4656 608 4696 trondelsnonn
1220 4650 1253 4696 16
