<?xml version="1.0" encoding="UTF-8"?>
<!DOCTYPE html PUBLIC "-//W3C//DTD XHTML 1.0 Transitional//EN"
    "http://www.w3.org/TR/xhtml1/DTD/xhtml1-transitional.dtd">
<html xmlns="http://www.w3.org/1999/xhtml" xml:lang="en" lang="en">
 <head>
  <title>
</title>
<meta http-equiv="Content-Type" content="text/html;charset=utf-8" />
  <meta name='ocr-system' content='tesseract 3.04.00' />
  <meta name='ocr-capabilities' content='ocr_page ocr_carea ocr_par ocr_line ocrx_word'/>
</head>
<body>
  <div class='ocr_page' id='page_1' title='image "./mtulliciceronis00koergoog_0118.png"; bbox 0 0 3286 5460; ppageno 0'>
   <div class='ocr_carea' id='block_1_1' title="bbox 624 353 1467 423">
    <p class='ocr_par' dir='ltr' id='par_1_1' title="bbox 624 353 1467 423">
     <span class='ocr_line' id='line_1_1' title="bbox 624 353 1467 423; baseline 0.004 -16"><span class='ocrx_word' id='word_1_1' title='bbox 624 353 880 410; x_wconf 80' lang='lat' dir='ltr'>EPISTVLARVM</span> <span class='ocrx_word' id='word_1_2' title='bbox 897 355 943 409; x_wconf 87' lang='lat' dir='ltr'>lV.</span> <span class='ocrx_word' id='word_1_3' title='bbox 964 361 987 410; x_wconf 81' lang='lat'>8.</span> <span class='ocrx_word' id='word_1_4' title='bbox 1008 361 1032 409; x_wconf 82' lang='lat'>4.</span> <span class='ocrx_word' id='word_1_5' title='bbox 1426 357 1467 423; x_wconf 74' lang='grc'>79</span> 
     </span>
    </p>
   </div>
   <div class='ocr_carea' id='block_1_2' title="bbox 184 504 1467 604">
    <p class='ocr_par' dir='ltr' id='par_1_2' title="bbox 184 504 1467 604">
     <span class='ocr_line' id='line_1_2' title="bbox 184 504 1467 604; baseline 0.004 -24"><span class='ocrx_word' id='word_1_6' title='bbox 184 516 357 600; x_wconf 89' lang='lat' dir='ltr'>hortabor,</span> <span class='ocrx_word' id='word_1_7' title='bbox 384 520 422 580; x_wconf 93' lang='lat' dir='ltr'>ut</span> <span class='ocrx_word' id='word_1_8' title='bbox 448 515 489 580; x_wconf 91' lang='lat' dir='ltr'>ad</span> <span class='ocrx_word' id='word_1_9' title='bbox 518 538 572 581; x_wconf 88' lang='lat' dir='ltr'>eas</span> <span class='ocrx_word' id='word_1_10' title='bbox 600 521 632 582; x_wconf 86' lang='lat' dir='ltr'>ta</span> <span class='ocrx_word' id='word_1_11' title='bbox 660 517 782 583; x_wconf 83' lang='lat' dir='ltr'>referas</span> <span class='ocrx_word' id='word_1_12' title='bbox 813 518 907 601; x_wconf 88' lang='lat' dir='ltr'>artis,</span> <span class='ocrx_word' id='word_1_13' title='bbox 938 519 1056 603; x_wconf 91' lang='lat' dir='ltr'>quibus</span> <span class='ocrx_word' id='word_1_14' title='bbox 1079 541 1099 582; x_wconf 90' lang='lat' dir='ltr'>a</span> <span class='ocrx_word' id='word_1_15' title='bbox 1113 504 1237 604; x_wconf 32' lang='lat' dir='ltr'>‘primis</span> <span class='ocrx_word' id='word_1_16' title='bbox 1265 521 1467 604; x_wconf 76' lang='lat' dir='ltr'>temporibus</span> 
     </span>
    </p>
   </div>
   <div class='ocr_carea' id='block_1_3' title="bbox 147 622 1559 1993">
    <p class='ocr_par' dir='ltr' id='par_1_3' title="bbox 184 622 1502 925">
     <span class='ocr_line' id='line_1_3' title="bbox 185 622 1502 712; baseline 0.004 -26"><span class='ocrx_word' id='word_1_17' title='bbox 185 622 304 688; x_wconf 84' lang='lat' dir='ltr'>aetatis</span> <span class='ocrx_word' id='word_1_18' title='bbox 327 622 472 688; x_wconf 87' lang='lat' dir='ltr'>studium</span> <span class='ocrx_word' id='word_1_19' title='bbox 497 627 590 689; x_wconf 92' lang='lat' dir='ltr'>tuum</span> <span class='ocrx_word' id='word_1_20' title='bbox 613 624 744 689; x_wconf 90' lang='lat' dir='ltr'>dedisti:</span> <span class='ocrx_word' id='word_1_21' title='bbox 775 629 903 690; x_wconf 89' lang='lat' dir='ltr'>tantum</span> <span class='ocrx_word' id='word_1_22' title='bbox 926 625 1045 709; x_wconf 88' lang='lat' dir='ltr'>dicam,</span> <span class='ocrx_word' id='word_1_23' title='bbox 1069 626 1156 710; x_wconf 90' lang='lat' dir='ltr'>quod</span> <span class='ocrx_word' id='word_1_24' title='bbox 1179 631 1211 691; x_wconf 92' lang='lat' dir='ltr'>te</span> <span class='ocrx_word' id='word_1_25' title='bbox 1235 649 1330 712; x_wconf 90' lang='lat' dir='ltr'>spero</span> <span class='ocrx_word' id='word_1_26' title='bbox 1355 628 1502 712; x_wconf 79' lang='lat' dir='ltr'>adpro-4</span> 
     </span>
     <span class='ocr_line' id='line_1_4' title="bbox 185 729 1467 818; baseline 0.004 -25"><span class='ocrx_word' id='word_1_27' title='bbox 185 729 355 815; x_wconf 84' lang='lat' dir='ltr'>buturum,</span> <span class='ocrx_word' id='word_1_28' title='bbox 379 752 445 815; x_wconf 91' lang='lat' dir='ltr'>me,</span> <span class='ocrx_word' id='word_1_29' title='bbox 467 736 583 817; x_wconf 87' lang='lat' dir='ltr'>postea</span> <span class='ocrx_word' id='word_1_30' title='bbox 606 753 704 816; x_wconf 93' lang='lat' dir='ltr'>quam</span> <span class='ocrx_word' id='word_1_31' title='bbox 728 732 774 796; x_wconf 92' lang='lat' dir='ltr'>illi</span> <span class='ocrx_word' id='word_1_32' title='bbox 800 732 878 816; x_wconf 90' lang='lat' dir='ltr'>arti,</span> <span class='ocrx_word' id='word_1_33' title='bbox 901 733 954 797; x_wconf 91' lang='lat' dir='ltr'>cui</span> <span class='ocrx_word' id='word_1_34' title='bbox 977 733 1179 818; x_wconf 75' lang='lat' dir='ltr'><strong>studueram,</strong></span> <span class='ocrx_word' id='word_1_35' title='bbox 1202 734 1285 798; x_wconf 85' lang='lat' dir='ltr'>nihil</span> <span class='ocrx_word' id='word_1_36' title='bbox 1309 756 1378 800; x_wconf 91' lang='lat' dir='ltr'>esse</span> <span class='ocrx_word' id='word_1_37' title='bbox 1403 735 1467 799; x_wconf 91' lang='lat' dir='ltr'>loci</span> 
     </span>
     <span class='ocr_line' id='line_1_5' title="bbox 184 835 1468 925; baseline 0.005 -26"><span class='ocrx_word' id='word_1_38' title='bbox 184 856 291 919; x_wconf 90' lang='lat' dir='ltr'>neque</span> <span class='ocrx_word' id='word_1_39' title='bbox 315 836 349 900; x_wconf 92' lang='lat' dir='ltr'>in</span> <span class='ocrx_word' id='word_1_40' title='bbox 372 835 463 901; x_wconf 87' lang='lat' dir='ltr'>curia</span> <span class='ocrx_word' id='word_1_41' title='bbox 485 858 589 922; x_wconf 90' lang='lat' dir='ltr'>neque</span> <span class='ocrx_word' id='word_1_42' title='bbox 613 836 648 902; x_wconf 93' lang='lat' dir='ltr'>in</span> <span class='ocrx_word' id='word_1_43' title='bbox 671 837 743 904; x_wconf 85' lang='lat' dir='ltr'>foro</span> <span class='ocrx_word' id='word_1_44' title='bbox 766 839 923 924; x_wconf 82' lang='lat' dir='ltr'>viderem,</span> <span class='ocrx_word' id='word_1_45' title='bbox 954 861 1082 905; x_wconf 89' lang='lat' dir='ltr'>omnem</span> <span class='ocrx_word' id='word_1_46' title='bbox 1106 862 1212 905; x_wconf 87' lang='lat' dir='ltr'>meam</span> <span class='ocrx_word' id='word_1_47' title='bbox 1236 863 1346 906; x_wconf 88' lang='lat' dir='ltr'>curam</span> <span class='ocrx_word' id='word_1_48' title='bbox 1370 845 1468 925; x_wconf 90' lang='lat' dir='ltr'>atque</span> 
     </span>
    </p>

    <p class='ocr_par' dir='ltr' id='par_1_4' title="bbox 157 942 1468 1460">
     <span class='ocr_line' id='line_1_6' title="bbox 157 942 1467 1029; baseline 0.006 -25"><span class='ocrx_word' id='word_1_49' title='bbox 157 962 320 1027; x_wconf 76' lang='lat' dir='ltr'>soperam</span> <span class='ocrx_word' id='word_1_50' title='bbox 352 942 392 1007; x_wconf 92' lang='lat' dir='ltr'>ad</span> <span class='ocrx_word' id='word_1_51' title='bbox 426 944 669 1029; x_wconf 78' lang='lat' dir='ltr'>philosophiam</span> <span class='ocrx_word' id='word_1_52' title='bbox 702 946 888 1012; x_wconf 80' lang='lat' dir='ltr'>contulisse.</span> <span class='ocrx_word' id='word_1_53' title='bbox 932 951 1006 1012; x_wconf 89' lang='lat' dir='ltr'>tuae</span> <span class='ocrx_word' id='word_1_54' title='bbox 1038 947 1193 1012; x_wconf 89' lang='lat' dir='ltr'>scientiae</span> <span class='ocrx_word' id='word_1_55' title='bbox 1226 948 1396 1013; x_wconf 82' lang='lat' dir='ltr'>excellenti</span> <span class='ocrx_word' id='word_1_56' title='bbox 1430 970 1467 1012; x_wconf 89' lang='lat' dir='ltr'>ac</span> 
     </span>
     <span class='ocr_line' id='line_1_7' title="bbox 184 1050 1467 1139; baseline 0.002 -26"><span class='ocrx_word' id='word_1_57' title='bbox 184 1050 347 1136; x_wconf 79' lang='lat' dir='ltr'>singulari</span> <span class='ocrx_word' id='word_1_58' title='bbox 373 1071 440 1115; x_wconf 91' lang='lat' dir='ltr'>non</span> <span class='ocrx_word' id='word_1_59' title='bbox 471 1051 574 1116; x_wconf 93' lang='lat' dir='ltr'>multo</span> <span class='ocrx_word' id='word_1_60' title='bbox 603 1052 676 1136; x_wconf 94' lang='lat' dir='ltr'>plus</span> <span class='ocrx_word' id='word_1_61' title='bbox 707 1075 805 1138; x_wconf 92' lang='lat' dir='ltr'>quam</span> <span class='ocrx_word' id='word_1_62' title='bbox 836 1056 970 1119; x_wconf 88' lang='lat' dir='ltr'>nostras</span> <span class='ocrx_word' id='word_1_63' title='bbox 1002 1053 1151 1119; x_wconf 91' lang='lat' dir='ltr'>relictum</span> <span class='ocrx_word' id='word_1_64' title='bbox 1179 1059 1230 1120; x_wconf 92' lang='lat' dir='ltr'>est</span> <span class='ocrx_word' id='word_1_65' title='bbox 1258 1054 1336 1138; x_wconf 77' lang='lat' dir='ltr'>loci3</span> <span class='ocrx_word' id='word_1_66' title='bbox 1368 1075 1467 1139; x_wconf 89' lang='lat' dir='ltr'>quare</span> 
     </span>
     <span class='ocr_line' id='line_1_8' title="bbox 183 1157 1467 1245; baseline 0.004 -25"><span class='ocrx_word' id='word_1_67' title='bbox 183 1178 250 1221; x_wconf 90' lang='lat' dir='ltr'>nou</span> <span class='ocrx_word' id='word_1_68' title='bbox 274 1157 425 1242; x_wconf 91' lang='lat' dir='ltr'>equidem</span> <span class='ocrx_word' id='word_1_69' title='bbox 449 1163 482 1222; x_wconf 87' lang='lat' dir='ltr'>te</span> <span class='ocrx_word' id='word_1_70' title='bbox 506 1181 631 1244; x_wconf 89' lang='lat' dir='ltr'>moneo,</span> <span class='ocrx_word' id='word_1_71' title='bbox 655 1161 710 1225; x_wconf 88' lang='lat' dir='ltr'>sod</span> <span class='ocrx_word' id='word_1_72' title='bbox 734 1160 816 1225; x_wconf 92' lang='lat' dir='ltr'>mihi</span> <span class='ocrx_word' id='word_1_73' title='bbox 835 1160 881 1225; x_wconf 88' lang='lat' dir='ltr'>ita</span> <span class='ocrx_word' id='word_1_74' title='bbox 900 1160 1057 1245; x_wconf 78' lang='lat' dir='ltr'>persuasi,</span> <span class='ocrx_word' id='word_1_75' title='bbox 1080 1163 1113 1226; x_wconf 88' lang='lat' dir='ltr'>te</span> <span class='ocrx_word' id='word_1_76' title='bbox 1136 1182 1264 1245; x_wconf 92' lang='lat' dir='ltr'>quoque</span> <span class='ocrx_word' id='word_1_77' title='bbox 1288 1161 1322 1224; x_wconf 93' lang='lat' dir='ltr'>in</span> <span class='ocrx_word' id='word_1_78' title='bbox 1345 1160 1467 1226; x_wconf 91' lang='lat' dir='ltr'>eisdem</span> 
     </span>
     <span class='ocr_line' id='line_1_9' title="bbox 184 1264 1468 1352; baseline 0.002 -24"><span class='ocrx_word' id='word_1_79' title='bbox 184 1264 309 1328; x_wconf 82' lang='lat' dir='ltr'>versari</span> <span class='ocrx_word' id='word_1_80' title='bbox 337 1264 448 1349; x_wconf 90' lang='lat' dir='ltr'>rebus,</span> <span class='ocrx_word' id='word_1_81' title='bbox 480 1285 575 1349; x_wconf 90' lang='lat' dir='ltr'>quae,</span> <span class='ocrx_word' id='word_1_82' title='bbox 607 1266 737 1332; x_wconf 90' lang='lat' dir='ltr'>etiamsi</span> <span class='ocrx_word' id='word_1_83' title='bbox 764 1267 871 1333; x_wconf 92' lang='lat' dir='ltr'>minus</span> <span class='ocrx_word' id='word_1_84' title='bbox 902 1267 1107 1352; x_wconf 85' lang='lat' dir='ltr'>prodessent,</span> <span class='ocrx_word' id='word_1_85' title='bbox 1140 1267 1284 1333; x_wconf 92' lang='lat' dir='ltr'>animum</span> <span class='ocrx_word' id='word_1_86' title='bbox 1311 1272 1421 1332; x_wconf 90' lang='lat' dir='ltr'>tamen</span> <span class='ocrx_word' id='word_1_87' title='bbox 1448 1289 1468 1331; x_wconf 93' lang='lat' dir='ltr'>a</span> 
     </span>
     <span class='ocr_line' id='line_1_10' title="bbox 185 1370 1467 1460; baseline 0.004 -27"><span class='ocrx_word' id='word_1_88' title='bbox 185 1370 404 1436; x_wconf 92' lang='lat' dir='ltr'>sollicitudine</span> <span class='ocrx_word' id='word_1_89' title='bbox 428 1371 632 1437; x_wconf 86' lang='lat' dir='ltr'>abducerent.</span> <span class='ocrx_word' id='word_1_90' title='bbox 672 1371 803 1438; x_wconf 82' lang='lat' dir='ltr'>Servius</span> <span class='ocrx_word' id='word_1_91' title='bbox 828 1373 958 1458; x_wconf 90' lang='lat' dir='ltr'>quidem</span> <span class='ocrx_word' id='word_1_92' title='bbox 981 1378 1058 1439; x_wconf 88' lang='lat' dir='ltr'>tuus</span> <span class='ocrx_word' id='word_1_93' title='bbox 1081 1375 1116 1438; x_wconf 93' lang='lat' dir='ltr'>in</span> <span class='ocrx_word' id='word_1_94' title='bbox 1138 1374 1289 1440; x_wconf 91' lang='lat' dir='ltr'>omnibus</span> <span class='ocrx_word' id='word_1_95' title='bbox 1316 1373 1467 1460; x_wconf 78' lang='lat' dir='ltr'>ingenuis</span> 
     </span>
    </p>

    <p class='ocr_par' dir='ltr' id='par_1_5' title="bbox 147 1476 1559 1993">
     <span class='ocr_line' id='line_1_11' title="bbox 147 1476 1554 1566; baseline 0.006 -25"><span class='ocrx_word' id='word_1_96' title='bbox 147 1496 171 1535; x_wconf 80' lang='grc' dir='ltr'>ιο</span> <span class='ocrx_word' id='word_1_97' title='bbox 185 1476 314 1542; x_wconf 88' lang='lat' dir='ltr'>artibus</span> <span class='ocrx_word' id='word_1_98' title='bbox 341 1477 376 1542; x_wconf 92' lang='lat' dir='ltr'>in</span> <span class='ocrx_word' id='word_1_99' title='bbox 401 1477 581 1563; x_wconf 85' lang='lat' dir='ltr'>primisque</span> <span class='ocrx_word' id='word_1_100' title='bbox 609 1480 644 1544; x_wconf 92' lang='lat' dir='ltr'>in</span> <span class='ocrx_word' id='word_1_101' title='bbox 673 1480 749 1565; x_wconf 90' lang='lat' dir='ltr'>hac,</span> <span class='ocrx_word' id='word_1_102' title='bbox 778 1480 813 1545; x_wconf 90' lang='lat' dir='ltr'>in</span> <span class='ocrx_word' id='word_1_103' title='bbox 841 1502 904 1566; x_wconf 91' lang='lat' dir='ltr'>qua</span> <span class='ocrx_word' id='word_1_104' title='bbox 935 1501 995 1566; x_wconf 89' lang='lat' dir='ltr'>ogo</span> <span class='ocrx_word' id='word_1_105' title='bbox 1023 1503 1075 1546; x_wconf 92' lang='lat' dir='ltr'>me</span> <span class='ocrx_word' id='word_1_106' title='bbox 1106 1481 1222 1566; x_wconf 84' lang='lat' dir='ltr'>scripsi</span> <span class='ocrx_word' id='word_1_107' title='bbox 1251 1479 1467 1564; x_wconf 81' lang='lat' dir='ltr'>adquiescere,</span> <span class='ocrx_word' id='word_1_108' title='bbox 1552 1544 1554 1549; x_wconf 90' lang='lat'>.</span> 
     </span>
     <span class='ocr_line' id='line_1_12' title="bbox 184 1583 1467 1674; baseline 0.004 -27"><span class='ocrx_word' id='word_1_109' title='bbox 184 1583 232 1648; x_wconf 91' lang='lat' dir='ltr'>ita</span> <span class='ocrx_word' id='word_1_110' title='bbox 256 1587 417 1669; x_wconf 86' lang='lat' dir='ltr'>versatur,</span> <span class='ocrx_word' id='word_1_111' title='bbox 445 1589 482 1650; x_wconf 93' lang='lat' dir='ltr'>ut</span> <span class='ocrx_word' id='word_1_112' title='bbox 505 1586 656 1670; x_wconf 82' lang='lat' dir='ltr'>excellat3</span> <span class='ocrx_word' id='word_1_113' title='bbox 685 1609 705 1651; x_wconf 93' lang='lat' dir='ltr'>a</span> <span class='ocrx_word' id='word_1_114' title='bbox 728 1609 779 1651; x_wconf 88' lang='lat' dir='ltr'>me</span> <span class='ocrx_word' id='word_1_115' title='bbox 803 1609 881 1652; x_wconf 82' lang='lat' dir='ltr'>vero</span> <span class='ocrx_word' id='word_1_116' title='bbox 904 1587 951 1653; x_wconf 90' lang='lat' dir='ltr'>sic</span> <span class='ocrx_word' id='word_1_117' title='bbox 979 1586 1140 1674; x_wconf 80' lang='lat' dir='ltr'>diligitur,</span> <span class='ocrx_word' id='word_1_118' title='bbox 1168 1593 1206 1653; x_wconf 90' lang='lat' dir='ltr'>ut</span> <span class='ocrx_word' id='word_1_119' title='bbox 1229 1587 1290 1652; x_wconf 93' lang='lat' dir='ltr'>tibi</span> <span class='ocrx_word' id='word_1_120' title='bbox 1314 1587 1370 1652; x_wconf 92' lang='lat' dir='ltr'>uni</span> <span class='ocrx_word' id='word_1_121' title='bbox 1395 1609 1467 1652; x_wconf 89' lang='lat' dir='ltr'>con·</span> 
     </span>
     <span class='ocr_line' id='line_1_13' title="bbox 184 1690 1559 1780; baseline 0.003 -25"><span class='ocrx_word' id='word_1_122' title='bbox 184 1690 308 1774; x_wconf 85' lang='lat' dir='ltr'>cedam,</span> <span class='ocrx_word' id='word_1_123' title='bbox 330 1695 498 1775; x_wconf 87' lang='lat' dir='ltr'>praeterea</span> <span class='ocrx_word' id='word_1_124' title='bbox 522 1693 654 1777; x_wconf 91' lang='lat' dir='ltr'>nemini,</span> <span class='ocrx_word' id='word_1_125' title='bbox 678 1693 823 1777; x_wconf 90' lang='lat' dir='ltr'>mihique</span> <span class='ocrx_word' id='word_1_126' title='bbox 846 1694 887 1759; x_wconf 96' lang='lat' dir='ltr'>ab</span> <span class='ocrx_word' id='word_1_127' title='bbox 912 1715 950 1759; x_wconf 92' lang='lat' dir='ltr'>eo</span> <span class='ocrx_word' id='word_1_128' title='bbox 974 1693 1082 1779; x_wconf 92' lang='lat' dir='ltr'>gratia</span> <span class='ocrx_word' id='word_1_129' title='bbox 1100 1695 1251 1780; x_wconf 87' lang='lat' dir='ltr'>refertur,</span> <span class='ocrx_word' id='word_1_130' title='bbox 1274 1694 1308 1758; x_wconf 93' lang='lat' dir='ltr'>in</span> <span class='ocrx_word' id='word_1_131' title='bbox 1327 1715 1392 1779; x_wconf 89' lang='lat' dir='ltr'>quo</span> <span class='ocrx_word' id='word_1_132' title='bbox 1411 1695 1466 1760; x_wconf 90' lang='lat' dir='ltr'>ille</span> <span class='ocrx_word' id='word_1_133' title='bbox 1555 1740 1559 1745; x_wconf 86' lang='lat'><em>-</em></span> 
     </span>
     <span class='ocr_line' id='line_1_14' title="bbox 183 1792 1467 1885; baseline 0.003 -24"><span class='ocrx_word' id='word_1_134' title='bbox 183 1796 352 1862; x_wconf 88' lang='lat' dir='ltr'>existimat</span> <span class='ocrx_word' id='word_1_135' title='bbox 376 1799 528 1884; x_wconf 90' lang='lat' dir='ltr'>-quod</span> <span class='ocrx_word' id='word_1_136' title='bbox 554 1799 649 1865; x_wconf 85' lang='lat' dir='ltr'>facile</span> <span class='ocrx_word' id='word_1_137' title='bbox 678 1792 834 1884; x_wconf 84' lang='lat' dir='ltr'>appareat</span> <span class='ocrx_word' id='word_1_138' title='bbox 860 1837 914 1885; x_wconf 95' lang='lat'>-,</span> <span class='ocrx_word' id='word_1_139' title='bbox 945 1822 1018 1865; x_wconf 88' lang='lat' dir='ltr'>cum</span> <span class='ocrx_word' id='word_1_140' title='bbox 1045 1823 1097 1866; x_wconf 90' lang='lat' dir='ltr'>me</span> <span class='ocrx_word' id='word_1_141' title='bbox 1126 1801 1213 1866; x_wconf 89' lang='lat' dir='ltr'>colat</span> <span class='ocrx_word' id='word_1_142' title='bbox 1243 1806 1277 1865; x_wconf 89' lang='lat' dir='ltr'>et</span> <span class='ocrx_word' id='word_1_143' title='bbox 1307 1802 1467 1884; x_wconf 84' lang='lat' dir='ltr'>observet,</span> 
     </span>
     <span class='ocr_line' id='line_1_15' title="bbox 183 1904 965 1993; baseline 0.006 -26"><span class='ocrx_word' id='word_1_144' title='bbox 183 1904 246 1968; x_wconf 92' lang='lat' dir='ltr'>tibi</span> <span class='ocrx_word' id='word_1_145' title='bbox 272 1926 399 1990; x_wconf 89' lang='lat' dir='ltr'>quoque</span> <span class='ocrx_word' id='word_1_146' title='bbox 423 1905 458 1969; x_wconf 90' lang='lat' dir='ltr'>in</span> <span class='ocrx_word' id='word_1_147' title='bbox 481 1927 519 1970; x_wconf 89' lang='lat' dir='ltr'>eo</span> <span class='ocrx_word' id='word_1_148' title='bbox 542 1928 577 1971; x_wconf 88' lang='lat' dir='ltr'>se</span> <span class='ocrx_word' id='word_1_149' title='bbox 600 1905 707 1972; x_wconf 84' lang='lat' dir='ltr'>facere</span> <span class='ocrx_word' id='word_1_150' title='bbox 731 1907 965 1993; x_wconf 87' lang='lat' dir='ltr'>gratissimum.</span> 
     </span>
    </p>
   </div>
   <div class='ocr_carea' id='block_1_4' title="bbox 146 2082 1177 2293">
    <p class='ocr_par' dir='ltr' id='par_1_6' title="bbox 146 2082 1177 2293">
     <span class='ocr_line' id='line_1_16' title="bbox 146 2082 925 2173; baseline 0.005 -26"><span class='ocrx_word' id='word_1_151' title='bbox 146 2107 170 2147; x_wconf 82' lang='lat' dir='ltr'>rs</span> <span class='ocrx_word' id='word_1_152' title='bbox 728 2084 786 2151; x_wconf 89' lang='lat' dir='ltr'>IV.</span> <span class='ocrx_word' id='word_1_153' title='bbox 820 2082 925 2173; x_wconf 85' lang='lat'>(228.)</span> 
     </span>
     <span class='ocr_line' id='line_1_17' title="bbox 475 2223 1177 2293; baseline 0 -3"><span class='ocrx_word' id='word_1_154' title='bbox 475 2225 519 2290; x_wconf 88' lang='grc' dir='ltr'>Μ.</span> <span class='ocrx_word' id='word_1_155' title='bbox 542 2223 704 2293; x_wconf 79' lang='lat' dir='ltr'>CICERO</span> <span class='ocrx_word' id='word_1_156' title='bbox 730 2225 762 2293; x_wconf 86' lang='lat' dir='ltr'>S.</span> <span class='ocrx_word' id='word_1_157' title='bbox 785 2226 825 2291; x_wconf 92' lang='lat' dir='ltr'>D.</span> <span class='ocrx_word' id='word_1_158' title='bbox 850 2224 943 2293; x_wconf 78' lang='lat' dir='ltr'>SER.</span> <span class='ocrx_word' id='word_1_159' title='bbox 968 2224 1177 2292; x_wconf 75' lang='lat' dir='ltr'>SVLPICIO.</span> 
     </span>
    </p>
   </div>
   <div class='ocr_carea' id='block_1_5' title="bbox 138 2364 1500 4050">
    <p class='ocr_par' dir='ltr' id='par_1_7' title="bbox 182 2364 1498 2668">
     <span class='ocr_line' id='line_1_18' title="bbox 276 2364 1498 2455; baseline 0.003 -24"><span class='ocrx_word' id='word_1_160' title='bbox 276 2364 411 2451; x_wconf 82' lang='lat' dir='ltr'>Accipio</span> <span class='ocrx_word' id='word_1_161' title='bbox 440 2369 682 2434; x_wconf 90' lang='lat' dir='ltr'>excusationem</span> <span class='ocrx_word' id='word_1_162' title='bbox 711 2372 815 2455; x_wconf 89' lang='lat' dir='ltr'>tuam,</span> <span class='ocrx_word' id='word_1_163' title='bbox 847 2392 910 2453; x_wconf 89' lang='lat' dir='ltr'>qua</span> <span class='ocrx_word' id='word_1_164' title='bbox 933 2391 1011 2434; x_wconf 88' lang='lat' dir='ltr'>usus</span> <span class='ocrx_word' id='word_1_165' title='bbox 1040 2392 1088 2454; x_wconf 91' lang='lat' dir='ltr'>es,</span> <span class='ocrx_word' id='word_1_166' title='bbox 1116 2392 1172 2435; x_wconf 89' lang='lat' dir='ltr'>cur</span> <span class='ocrx_word' id='word_1_167' title='bbox 1199 2369 1327 2454; x_wconf 90' lang='lat' dir='ltr'>saepius</span> <span class='ocrx_word' id='word_1_168' title='bbox 1351 2370 1391 2434; x_wconf 89' lang='lat' dir='ltr'>ad</span> <span class='ocrx_word' id='word_1_169' title='bbox 1415 2388 1498 2435; x_wconf 83' lang='lat' dir='ltr'>mer</span> 
     </span>
     <span class='ocr_line' id='line_1_19' title="bbox 182 2474 1466 2561; baseline 0.003 -24"><span class='ocrx_word' id='word_1_170' title='bbox 182 2474 315 2539; x_wconf 86' lang='lat' dir='ltr'>litteras</span> <span class='ocrx_word' id='word_1_171' title='bbox 343 2496 408 2538; x_wconf 91' lang='lat' dir='ltr'>uno</span> <span class='ocrx_word' id='word_1_172' title='bbox 437 2476 584 2560; x_wconf 91' lang='lat' dir='ltr'>exemplo</span> <span class='ocrx_word' id='word_1_173' title='bbox 613 2475 770 2561; x_wconf 86' lang='lat' dir='ltr'>dedisses,</span> <span class='ocrx_word' id='word_1_174' title='bbox 802 2476 859 2540; x_wconf 92' lang='lat' dir='ltr'>sed</span> <span class='ocrx_word' id='word_1_175' title='bbox 886 2476 1009 2561; x_wconf 88' lang='lat' dir='ltr'>accipio</span> <span class='ocrx_word' id='word_1_176' title='bbox 1039 2498 1079 2540; x_wconf 90' lang='lat' dir='ltr'>ex</span> <span class='ocrx_word' id='word_1_177' title='bbox 1107 2498 1144 2540; x_wconf 89' lang='lat' dir='ltr'>ea</span> <span class='ocrx_word' id='word_1_178' title='bbox 1170 2479 1277 2560; x_wconf 90' lang='lat' dir='ltr'>parte,</span> <span class='ocrx_word' id='word_1_179' title='bbox 1308 2479 1466 2559; x_wconf 89' lang='lat' dir='ltr'>quatenus</span> 
     </span>
     <span class='ocr_line' id='line_1_20' title="bbox 183 2581 1465 2668; baseline 0.002 -24"><span class='ocrx_word' id='word_1_180' title='bbox 183 2584 244 2644; x_wconf 90' lang='lat' dir='ltr'>aut</span> <span class='ocrx_word' id='word_1_181' title='bbox 268 2581 476 2667; x_wconf 88' lang='lat' dir='ltr'>neglegentia</span> <span class='ocrx_word' id='word_1_182' title='bbox 498 2586 555 2647; x_wconf 90' lang='lat' dir='ltr'>aut</span> <span class='ocrx_word' id='word_1_183' title='bbox 577 2581 776 2665; x_wconf 85' lang='lat' dir='ltr'>inprobitate</span> <span class='ocrx_word' id='word_1_184' title='bbox 799 2605 920 2668; x_wconf 89' lang='lat' dir='ltr'>eorum,</span> <span class='ocrx_word' id='word_1_185' title='bbox 944 2583 1000 2667; x_wconf 91' lang='lat' dir='ltr'>qui</span> <span class='ocrx_word' id='word_1_186' title='bbox 1023 2583 1179 2667; x_wconf 89' lang='lat' dir='ltr'>epistolas</span> <span class='ocrx_word' id='word_1_187' title='bbox 1204 2582 1372 2667; x_wconf 88' lang='lat' dir='ltr'>accipiant,</span> <span class='ocrx_word' id='word_1_188' title='bbox 1395 2583 1465 2647; x_wconf 91' lang='lat' dir='ltr'>fieri</span> 
     </span>
    </p>

    <p class='ocr_par' dir='ltr' id='par_1_8' title="bbox 138 2686 1466 3201">
     <span class='ocr_line' id='line_1_21' title="bbox 138 2686 1466 2773; baseline 0.002 -22"><span class='ocrx_word' id='word_1_189' title='bbox 138 2714 170 2751; x_wconf 75' lang='lat' dir='ltr'>uo</span> <span class='ocrx_word' id='word_1_190' title='bbox 183 2686 318 2770; x_wconf 88' lang='lat' dir='ltr'>scribis,</span> <span class='ocrx_word' id='word_1_191' title='bbox 345 2711 385 2752; x_wconf 90' lang='lat' dir='ltr'>ne</span> <span class='ocrx_word' id='word_1_192' title='bbox 413 2688 453 2752; x_wconf 90' lang='lat' dir='ltr'>ad</span> <span class='ocrx_word' id='word_1_193' title='bbox 480 2710 540 2752; x_wconf 90' lang='lat' dir='ltr'>nos</span> <span class='ocrx_word' id='word_1_194' title='bbox 568 2687 786 2771; x_wconf 87' lang='lat' dir='ltr'>perferantur:</span> <span class='ocrx_word' id='word_1_195' title='bbox 815 2688 905 2753; x_wconf 85' lang='lat' dir='ltr'>illam</span> <span class='ocrx_word' id='word_1_196' title='bbox 933 2693 1059 2773; x_wconf 90' lang='lat' dir='ltr'>partem</span> <span class='ocrx_word' id='word_1_197' title='bbox 1084 2689 1315 2773; x_wconf 85' lang='lat' dir='ltr'>excusationis,</span> <span class='ocrx_word' id='word_1_198' title='bbox 1343 2711 1407 2772; x_wconf 88' lang='lat' dir='ltr'>qua</span> <span class='ocrx_word' id='word_1_199' title='bbox 1434 2695 1466 2754; x_wconf 92' lang='lat' dir='ltr'>te</span> 
     </span>
     <span class='ocr_line' id='line_1_22' title="bbox 184 2792 1464 2879; baseline 0.002 -21"><span class='ocrx_word' id='word_1_200' title='bbox 184 2792 304 2858; x_wconf 90' lang='lat' dir='ltr'>scribis</span> <span class='ocrx_word' id='word_1_201' title='bbox 328 2793 498 2860; x_wconf 76' lang='lat' dir='ltr'>‘orationis</span> <span class='ocrx_word' id='word_1_202' title='bbox 517 2793 722 2879; x_wconf 86' lang='lat' dir='ltr'>paupertate’</span> <span class='ocrx_word' id='word_1_203' title='bbox 743 2831 783 2840; x_wconf 90' lang='lat'>-</span> <span class='ocrx_word' id='word_1_204' title='bbox 805 2795 851 2860; x_wconf 93' lang='lat' dir='ltr'>sic</span> <span class='ocrx_word' id='word_1_205' title='bbox 874 2795 961 2859; x_wconf 92' lang='lat' dir='ltr'>enim</span> <span class='ocrx_word' id='word_1_206' title='bbox 985 2795 1131 2879; x_wconf 85' lang='lat' dir='ltr'>appellas</span> <span class='ocrx_word' id='word_1_207' title='bbox 1152 2833 1193 2844; x_wconf 93' lang='lat'><em>-</em></span> <span class='ocrx_word' id='word_1_208' title='bbox 1213 2795 1333 2860; x_wconf 87' lang='lat' dir='ltr'>eisdem</span> <span class='ocrx_word' id='word_1_209' title='bbox 1357 2796 1464 2860; x_wconf 89' lang='lat' dir='ltr'>verbis</span> 
     </span>
     <span class='ocr_line' id='line_1_23' title="bbox 184 2900 1464 2987; baseline 0.001 -23"><span class='ocrx_word' id='word_1_210' title='bbox 184 2900 343 2985; x_wconf 85' lang='lat' dir='ltr'>epistolas</span> <span class='ocrx_word' id='word_1_211' title='bbox 367 2902 496 2985; x_wconf 88' lang='lat' dir='ltr'>saepius</span> <span class='ocrx_word' id='word_1_212' title='bbox 520 2902 663 2986; x_wconf 90' lang='lat' dir='ltr'>mittere,</span> <span class='ocrx_word' id='word_1_213' title='bbox 686 2923 746 2966; x_wconf 89' lang='lat' dir='ltr'>nec</span> <span class='ocrx_word' id='word_1_214' title='bbox 768 2923 867 2967; x_wconf 90' lang='lat' dir='ltr'>nosco</span> <span class='ocrx_word' id='word_1_215' title='bbox 891 2924 950 2966; x_wconf 90' lang='lat' dir='ltr'>nec</span> <span class='ocrx_word' id='word_1_216' title='bbox 972 2901 1091 2986; x_wconf 87' lang='lat' dir='ltr'>probo,</span> <span class='ocrx_word' id='word_1_217' title='bbox 1121 2906 1154 2966; x_wconf 92' lang='lat' dir='ltr'>et</span> <span class='ocrx_word' id='word_1_218' title='bbox 1177 2923 1238 2987; x_wconf 90' lang='lat' dir='ltr'>ego</span> <span class='ocrx_word' id='word_1_219' title='bbox 1262 2902 1345 2986; x_wconf 92' lang='lat' dir='ltr'>ipse,</span> <span class='ocrx_word' id='word_1_220' title='bbox 1369 2923 1464 2985; x_wconf 93' lang='lat' dir='ltr'>quem</span> 
     </span>
     <span class='ocr_line' id='line_1_24' title="bbox 183 3006 1464 3093; baseline 0.002 -22"><span class='ocrx_word' id='word_1_221' title='bbox 183 3011 222 3071; x_wconf 90' lang='lat' dir='ltr'>tu</span> <span class='ocrx_word' id='word_1_222' title='bbox 254 3030 313 3092; x_wconf 87' lang='lat' dir='ltr'>per</span> <span class='ocrx_word' id='word_1_223' title='bbox 344 3009 452 3074; x_wconf 91' lang='lat' dir='ltr'>iocum</span> <span class='ocrx_word' id='word_1_224' title='bbox 476 3009 590 3073; x_wconf 89' lang='lat' dir='ltr'>—sic</span> <span class='ocrx_word' id='word_1_225' title='bbox 622 3008 708 3073; x_wconf 91' lang='lat' dir='ltr'>enim</span> <span class='ocrx_word' id='word_1_226' title='bbox 744 3007 868 3093; x_wconf 89' lang='lat' dir='ltr'>accipio</span> <span class='ocrx_word' id='word_1_227' title='bbox 895 3045 932 3054; x_wconf 96' lang='lat'>-</span> <span class='ocrx_word' id='word_1_228' title='bbox 959 3007 1105 3074; x_wconf 78' lang='lat' dir='ltr'>‘divitias</span> <span class='ocrx_word' id='word_1_229' title='bbox 1138 3006 1313 3073; x_wconf 89' lang='lat' dir='ltr'>orationis&#39;</span> <span class='ocrx_word' id='word_1_230' title='bbox 1345 3008 1464 3074; x_wconf 90' lang='lat' dir='ltr'>habere</span> 
     </span>
     <span class='ocr_line' id='line_1_25' title="bbox 184 3113 1466 3201; baseline 0.002 -24"><span class='ocrx_word' id='word_1_231' title='bbox 184 3113 281 3198; x_wconf 91' lang='lat' dir='ltr'>dicis,</span> <span class='ocrx_word' id='word_1_232' title='bbox 309 3137 360 3180; x_wconf 93' lang='lat' dir='ltr'>me</span> <span class='ocrx_word' id='word_1_233' title='bbox 387 3136 454 3180; x_wconf 90' lang='lat' dir='ltr'>non</span> <span class='ocrx_word' id='word_1_234' title='bbox 482 3137 552 3180; x_wconf 89' lang='lat' dir='ltr'>esse</span> <span class='ocrx_word' id='word_1_235' title='bbox 580 3115 753 3180; x_wconf 82' lang='lat' dir='ltr'>rerbomm</span> <span class='ocrx_word' id='word_1_236' title='bbox 784 3115 958 3179; x_wconf 88' lang='lat' dir='ltr'>admodum</span> <span class='ocrx_word' id='word_1_237' title='bbox 985 3115 1115 3199; x_wconf 91' lang='lat' dir='ltr'>inopem</span> <span class='ocrx_word' id='word_1_238' title='bbox 1143 3136 1348 3201; x_wconf 88' lang='lat' dir='ltr'>agnosco-</span> <span class='ocrx_word' id='word_1_239' title='bbox 1375 3117 1466 3201; x_wconf 77' lang='grc' dir='ltr'><em>εἰρω-</em></span> 
     </span>
    </p>

    <p class='ocr_par' dir='ltr' id='par_1_9' title="bbox 138 3221 1500 3731">
     <span class='ocr_line' id='line_1_26' title="bbox 138 3221 1465 3305; baseline 0.002 -21"><span class='ocrx_word' id='word_1_240' title='bbox 138 3243 169 3284; x_wconf 75' lang='lat' dir='ltr'>s</span> <span class='ocrx_word' id='word_1_241' title='bbox 184 3221 346 3286; x_wconf 76' lang='grc' dir='ltr'><strong><em>νεύεσθαι</em></strong></span> <span class='ocrx_word' id='word_1_242' title='bbox 379 3221 466 3287; x_wconf 92' lang='lat' dir='ltr'>enim</span> <span class='ocrx_word' id='word_1_243' title='bbox 497 3243 564 3287; x_wconf 92' lang='lat' dir='ltr'>non</span> <span class='ocrx_word' id='word_1_244' title='bbox 595 3243 725 3286; x_wconf 87' lang='lat' dir='ltr'>necesse</span> <span class='ocrx_word' id='word_1_245' title='bbox 754 3225 803 3286; x_wconf 90' lang='lat' dir='ltr'>est</span> <span class='ocrx_word' id='word_1_246' title='bbox 828 3258 883 3305; x_wconf 92' lang='lat'>—,</span> <span class='ocrx_word' id='word_1_247' title='bbox 915 3223 971 3287; x_wconf 96' lang='lat' dir='ltr'>sed</span> <span class='ocrx_word' id='word_1_248' title='bbox 1004 3227 1113 3288; x_wconf 91' lang='lat' dir='ltr'>tamen</span> <span class='ocrx_word' id='word_1_249' title='bbox 1140 3222 1226 3287; x_wconf 90' lang='lat' dir='ltr'>idem</span> <span class='ocrx_word' id='word_1_250' title='bbox 1253 3258 1289 3268; x_wconf 89' lang='lat'>—</span> <span class='ocrx_word' id='word_1_251' title='bbox 1316 3244 1375 3287; x_wconf 88' lang='lat' dir='ltr'>nec</span> <span class='ocrx_word' id='word_1_252' title='bbox 1389 3222 1465 3287; x_wconf 83' lang='lat' dir='ltr'>hoc</span> 
     </span>
     <span class='ocr_line' id='line_1_27' title="bbox 185 3327 1466 3414; baseline 0 -22"><span class='ocrx_word' id='word_1_253' title='bbox 185 3328 445 3413; x_wconf 75' lang='grc' dir='ltr'><strong><em>εἰρωνευόμενος</em></strong></span> <span class='ocrx_word' id='word_1_254' title='bbox 471 3365 509 3375; x_wconf 91' lang='grc'><strong>-</strong></span> <span class='ocrx_word' id='word_1_255' title='bbox 535 3327 629 3394; x_wconf 84' lang='lat' dir='ltr'>facile</span> <span class='ocrx_word' id='word_1_256' title='bbox 658 3327 735 3392; x_wconf 85' lang='lat' dir='ltr'>cedo</span> <span class='ocrx_word' id='word_1_257' title='bbox 764 3331 894 3392; x_wconf 91' lang='lat' dir='ltr'>tuorum</span> <span class='ocrx_word' id='word_1_258' title='bbox 923 3329 1120 3414; x_wconf 88' lang='lat' dir='ltr'>scriptorum</span> <span class='ocrx_word' id='word_1_259' title='bbox 1148 3328 1325 3394; x_wconf 87' lang='lat' dir='ltr'>subtilitati</span> <span class='ocrx_word' id='word_1_260' title='bbox 1348 3333 1382 3393; x_wconf 93' lang='lat' dir='ltr'>et</span> <span class='ocrx_word' id='word_1_261' title='bbox 1405 3329 1466 3393; x_wconf 89' lang='lat' dir='ltr'>ele·</span> 
     </span>
     <span class='ocr_line' id='line_1_28' title="bbox 185 3424 1500 3520; baseline 0.002 -22"><span class='ocrx_word' id='word_1_262' title='bbox 185 3435 326 3520; x_wconf 89' lang='lat' dir='ltr'>gantiae.</span> <span class='ocrx_word' id='word_1_263' title='bbox 363 3435 535 3501; x_wconf 90' lang='lat' dir='ltr'>consilium</span> <span class='ocrx_word' id='word_1_264' title='bbox 558 3439 660 3518; x_wconf 90' lang='lat' dir='ltr'>tuum,</span> <span class='ocrx_word' id='word_1_265' title='bbox 684 3456 748 3519; x_wconf 89' lang='lat' dir='ltr'>quo</span> <span class='ocrx_word' id='word_1_266' title='bbox 773 3438 806 3498; x_wconf 93' lang='lat' dir='ltr'>te</span> <span class='ocrx_word' id='word_1_267' title='bbox 828 3424 930 3499; x_wconf 87' lang='lat' dir='ltr'>usum</span> <span class='ocrx_word' id='word_1_268' title='bbox 946 3435 1063 3501; x_wconf 88' lang='lat' dir='ltr'>scribis</span> <span class='ocrx_word' id='word_1_269' title='bbox 1086 3435 1148 3501; x_wconf 89' lang='lat' dir='ltr'>hoc</span> <span class='ocrx_word' id='word_1_270' title='bbox 1168 3434 1345 3500; x_wconf 82' lang='lat' dir='ltr'>Achaicum</span> <span class='ocrx_word' id='word_1_271' title='bbox 1367 3455 1500 3519; x_wconf 75' lang='lat' dir='ltr'>negor</span> 
     </span>
     <span class='ocr_line' id='line_1_29' title="bbox 186 3540 1464 3626; baseline -0.002 -21"><span class='ocrx_word' id='word_1_272' title='bbox 186 3541 270 3606; x_wconf 90' lang='lat' dir='ltr'>tium</span> <span class='ocrx_word' id='word_1_273' title='bbox 293 3563 359 3606; x_wconf 92' lang='lat' dir='ltr'>non</span> <span class='ocrx_word' id='word_1_274' title='bbox 382 3540 594 3625; x_wconf 78' lang='lat' dir='ltr'>recusavisse,</span> <span class='ocrx_word' id='word_1_275' title='bbox 625 3562 699 3605; x_wconf 89' lang='lat' dir='ltr'>cum</span> <span class='ocrx_word' id='word_1_276' title='bbox 722 3561 849 3623; x_wconf 90' lang='lat' dir='ltr'>semper</span> <span class='ocrx_word' id='word_1_277' title='bbox 871 3540 1106 3626; x_wconf 85' lang='lat' dir='ltr'>probavissem,</span> <span class='ocrx_word' id='word_1_278' title='bbox 1135 3545 1207 3606; x_wconf 91' lang='lat' dir='ltr'>tum</span> <span class='ocrx_word' id='word_1_279' title='bbox 1231 3541 1335 3605; x_wconf 90' lang='lat' dir='ltr'>multo</span> <span class='ocrx_word' id='word_1_280' title='bbox 1359 3540 1464 3625; x_wconf 90' lang='lat' dir='ltr'>magis</span> 
     </span>
     <span class='ocr_line' id='line_1_30' title="bbox 186 3645 1464 3731; baseline 0 -20"><span class='ocrx_word' id='word_1_281' title='bbox 186 3647 323 3731; x_wconf 80' lang='lat' dir='ltr'>probari</span> <span class='ocrx_word' id='word_1_282' title='bbox 346 3649 440 3713; x_wconf 91' lang='lat' dir='ltr'>lectis</span> <span class='ocrx_word' id='word_1_283' title='bbox 464 3648 531 3713; x_wconf 89' lang='lat' dir='ltr'>tuis</span> <span class='ocrx_word' id='word_1_284' title='bbox 555 3647 712 3731; x_wconf 83' lang='lat' dir='ltr'>proximis</span> <span class='ocrx_word' id='word_1_285' title='bbox 736 3645 870 3731; x_wconf 73' lang='lat' dir='ltr'>litteris,</span> <span class='ocrx_word' id='word_1_286' title='bbox 894 3668 1005 3712; x_wconf 90' lang='lat' dir='ltr'>omnes</span> <span class='ocrx_word' id='word_1_287' title='bbox 1028 3648 1115 3713; x_wconf 91' lang='lat' dir='ltr'>euim</span> <span class='ocrx_word' id='word_1_288' title='bbox 1134 3669 1258 3731; x_wconf 89' lang='lat' dir='ltr'>causae,</span> <span class='ocrx_word' id='word_1_289' title='bbox 1282 3669 1361 3731; x_wconf 87' lang='lat' dir='ltr'>quas</span> <span class='ocrx_word' id='word_1_290' title='bbox 1381 3668 1464 3711; x_wconf 89' lang='lat' dir='ltr'>com-</span> 
     </span>
    </p>

    <p class='ocr_par' dir='ltr' id='par_1_10' title="bbox 138 3752 1465 4050">
     <span class='ocr_line' id='line_1_31' title="bbox 138 3752 1465 3839; baseline 0.002 -26"><span class='ocrx_word' id='word_1_291' title='bbox 138 3775 168 3813; x_wconf 80' lang='grc' dir='ltr'>ο</span> <span class='ocrx_word' id='word_1_292' title='bbox 187 3775 360 3839; x_wconf 90' lang='lat' dir='ltr'>memoras,</span> <span class='ocrx_word' id='word_1_293' title='bbox 382 3755 581 3821; x_wconf 89' lang='lat' dir='ltr'>iustissimae</span> <span class='ocrx_word' id='word_1_294' title='bbox 601 3757 677 3818; x_wconf 91' lang='lat' dir='ltr'>sunt</span> <span class='ocrx_word' id='word_1_295' title='bbox 698 3757 818 3837; x_wconf 87' lang='lat' dir='ltr'>tuaque</span> <span class='ocrx_word' id='word_1_296' title='bbox 838 3757 871 3817; x_wconf 91' lang='lat' dir='ltr'>et</span> <span class='ocrx_word' id='word_1_297' title='bbox 890 3754 1084 3819; x_wconf 87' lang='lat' dir='ltr'>auctoritate</span> <span class='ocrx_word' id='word_1_298' title='bbox 1104 3759 1138 3820; x_wconf 88' lang='lat' dir='ltr'>et</span> <span class='ocrx_word' id='word_1_299' title='bbox 1155 3752 1328 3839; x_wconf 90' lang='lat' dir='ltr'>prudentia</span> <span class='ocrx_word' id='word_1_300' title='bbox 1345 3752 1465 3839; x_wconf 89' lang='lat' dir='ltr'>dignis-</span> 
     </span>
     <span class='ocr_line' id='line_1_32' title="bbox 187 3859 1463 3946; baseline -0.001 -21"><span class='ocrx_word' id='word_1_301' title='bbox 187 3861 297 3926; x_wconf 88' lang='lat' dir='ltr'>simae.</span> <span class='ocrx_word' id='word_1_302' title='bbox 335 3862 422 3946; x_wconf 91' lang='lat' dir='ltr'>quod</span> <span class='ocrx_word' id='word_1_303' title='bbox 445 3862 542 3927; x_wconf 90' lang='lat' dir='ltr'>aliter</span> <span class='ocrx_word' id='word_1_304' title='bbox 569 3860 721 3926; x_wconf 89' lang='lat' dir='ltr'>cecidisse</span> <span class='ocrx_word' id='word_1_305' title='bbox 745 3880 815 3923; x_wconf 88' lang='lat' dir='ltr'>rem</span> <span class='ocrx_word' id='word_1_306' title='bbox 838 3859 1019 3945; x_wconf 83' lang='lat' dir='ltr'>existimas,</span> <span class='ocrx_word' id='word_1_307' title='bbox 1049 3865 1145 3945; x_wconf 85' lang='lat' dir='ltr'>atque</span> <span class='ocrx_word' id='word_1_308' title='bbox 1170 3861 1321 3945; x_wconf 90' lang='lat' dir='ltr'>opinatus</span> <span class='ocrx_word' id='word_1_309' title='bbox 1345 3859 1404 3943; x_wconf 91' lang='lat' dir='ltr'>sis,</span> <span class='ocrx_word' id='word_1_310' title='bbox 1431 3859 1463 3924; x_wconf 93' lang='lat' dir='ltr'>id</span> 
     </span>
     <span class='ocr_line' id='line_1_33' title="bbox 187 3965 1464 4050; baseline -0.002 -18"><span class='ocrx_word' id='word_1_311' title='bbox 187 3966 249 4033; x_wconf 89' lang='lat' dir='ltr'>tibi</span> <span class='ocrx_word' id='word_1_312' title='bbox 272 3967 363 4033; x_wconf 91' lang='lat' dir='ltr'>nullo</span> <span class='ocrx_word' id='word_1_313' title='bbox 387 3969 483 4034; x_wconf 91' lang='lat' dir='ltr'>modo</span> <span class='ocrx_word' id='word_1_314' title='bbox 507 3966 685 4050; x_wconf 80' lang='lat' dir='ltr'>adsentior3</span> <span class='ocrx_word' id='word_1_315' title='bbox 713 3966 782 4049; x_wconf 92' lang='lat' dir='ltr'>sed,</span> <span class='ocrx_word' id='word_1_316' title='bbox 810 3965 888 4049; x_wconf 89' lang='lat' dir='ltr'>quia</span> <span class='ocrx_word' id='word_1_317' title='bbox 910 3970 1003 4031; x_wconf 88' lang='lat' dir='ltr'>tanta</span> <span class='ocrx_word' id='word_1_318' title='bbox 1033 3966 1235 4050; x_wconf 85' lang='lat' dir='ltr'>perturbatio</span> <span class='ocrx_word' id='word_1_319' title='bbox 1259 3971 1293 4031; x_wconf 91' lang='lat' dir='ltr'>et</span> <span class='ocrx_word' id='word_1_320' title='bbox 1317 3966 1464 4032; x_wconf 83' lang='lat' dir='ltr'>confusio</span> 
     </span>
    </p>
   </div>
   <div class='ocr_carea' id='block_1_6' title="bbox 185 4157 1465 4874">
    <p class='ocr_par' dir='ltr' id='par_1_11' title="bbox 185 4157 1465 4874">
     <span class='ocr_line' id='line_1_34' title="bbox 274 4157 1465 4230; baseline 0 -17"><span class='ocrx_word' id='word_1_321' title='bbox 274 4166 299 4215; x_wconf 79' lang='lat'>4.</span> <span class='ocrx_word' id='word_1_322' title='bbox 324 4160 448 4216; x_wconf 86' lang='lat' dir='ltr'>uiderem</span> <span class='ocrx_word' id='word_1_323' title='bbox 471 4166 505 4218; x_wconf 79' lang='grc' dir='ltr'>Ω.</span> <span class='ocrx_word' id='word_1_324' title='bbox 536 4163 655 4219; x_wconf 84' lang='lat' dir='ltr'>viderim</span> <span class='ocrx_word' id='word_1_325' title='bbox 674 4159 725 4213; x_wconf 82' lang='lat' dir='ltr'>alii</span> <span class='ocrx_word' id='word_1_326' title='bbox 747 4161 757 4226; x_wconf 80' lang='lat' dir='ltr'>ll</span> <span class='ocrx_word' id='word_1_327' title='bbox 780 4163 804 4212; x_wconf 79' lang='lat'>5.</span> <span class='ocrx_word' id='word_1_328' title='bbox 829 4157 966 4213; x_wconf 83' lang='lat' dir='ltr'>excolenti</span> <span class='ocrx_word' id='word_1_329' title='bbox 990 4158 1028 4212; x_wconf 89' lang='lat' dir='ltr'>M</span> <span class='ocrx_word' id='word_1_330' title='bbox 1047 4163 1057 4228; x_wconf 78' lang='grc' dir='ltr'>ιι</span> <span class='ocrx_word' id='word_1_331' title='bbox 1081 4164 1103 4213; x_wconf 78' lang='lat'>7.</span> <span class='ocrx_word' id='word_1_332' title='bbox 1125 4160 1242 4230; x_wconf 88' lang='lat' dir='ltr'>eisdem]</span> <span class='ocrx_word' id='word_1_333' title='bbox 1265 4159 1375 4214; x_wconf 89' lang='lat' dir='ltr'>hisdem</span> <span class='ocrx_word' id='word_1_334' title='bbox 1395 4158 1465 4227; x_wconf 91' lang='lat' dir='ltr'>MR,</span> 
     </span>
     <span class='ocr_line' id='line_1_35' title="bbox 185 4229 1458 4304; baseline -0.002 -16"><span class='ocrx_word' id='word_1_335' title='bbox 185 4230 276 4285; x_wconf 82' lang='lat' dir='ltr'>isdem</span> <span class='ocrx_word' id='word_1_336' title='bbox 291 4233 318 4287; x_wconf 99' lang='lat' dir='ltr'><em>G</em></span> <span class='ocrx_word' id='word_1_337' title='bbox 331 4236 341 4302; x_wconf 90' lang='lat' dir='ltr'>l</span> <span class='ocrx_word' id='word_1_338' title='bbox 355 4240 378 4287; x_wconf 83' lang='grc'>9.</span> <span class='ocrx_word' id='word_1_339' title='bbox 393 4233 524 4304; x_wconf 90' lang='lat' dir='ltr'>ingenuis</span> <span class='ocrx_word' id='word_1_340' title='bbox 538 4236 575 4303; x_wconf 93' lang='lat' dir='ltr'>R,</span> <span class='ocrx_word' id='word_1_341' title='bbox 594 4229 716 4304; x_wconf 86' lang='lat' dir='ltr'>ingeniis</span> <span class='ocrx_word' id='word_1_342' title='bbox 731 4229 792 4284; x_wconf 90' lang='lat' dir='ltr'>MG</span> <span class='ocrx_word' id='word_1_343' title='bbox 805 4232 815 4297; x_wconf 81' lang='grc' dir='ltr'>ΙΙ</span> <span class='ocrx_word' id='word_1_344' title='bbox 830 4235 870 4282; x_wconf 89' lang='lat'>11.</span> <span class='ocrx_word' id='word_1_345' title='bbox 886 4229 1007 4284; x_wconf 89' lang='lat' dir='ltr'>excellat</span> <span class='ocrx_word' id='word_1_346' title='bbox 1022 4231 1056 4299; x_wconf 87' lang='lat' dir='ltr'>G,</span> <span class='ocrx_word' id='word_1_347' title='bbox 1076 4231 1200 4300; x_wconf 83' lang='lat' dir='ltr'>expellat</span> <span class='ocrx_word' id='word_1_348' title='bbox 1214 4231 1255 4299; x_wconf 92' lang='lat' dir='ltr'>M,</span> <span class='ocrx_word' id='word_1_349' title='bbox 1270 4230 1406 4285; x_wconf 87' lang='lat' dir='ltr'>excelleat</span> <span class='ocrx_word' id='word_1_350' title='bbox 1419 4231 1458 4300; x_wconf 66' lang='lat' dir='ltr'>R,</span> 
     </span>
     <span class='ocr_line' id='line_1_36' title="bbox 188 4301 1459 4375; baseline 0.002 -21"><span class='ocrx_word' id='word_1_351' title='bbox 188 4308 226 4356; x_wconf 84' lang='grc'>13.</span> <span class='ocrx_word' id='word_1_352' title='bbox 248 4305 325 4375; x_wconf 90' lang='lat' dir='ltr'>cnm]</span> <span class='ocrx_word' id='word_1_353' title='bbox 344 4305 420 4372; x_wconf 90' lang='lat' dir='ltr'>quod</span> <span class='ocrx_word' id='word_1_354' title='bbox 439 4322 455 4364; x_wconf 88' lang='grc' dir='ltr'><strong><em>ς</em></strong></span> <span class='ocrx_word' id='word_1_355' title='bbox 473 4312 499 4361; x_wconf 67' lang='lat' dir='ltr'>et</span> <span class='ocrx_word' id='word_1_356' title='bbox 518 4307 686 4372; x_wconf 68' lang='lat' dir='ltr'>Weamberp,</span> <span class='ocrx_word' id='word_1_357' title='bbox 700 4307 812 4370; x_wconf 62' lang='lat' dir='ltr'>macter</span> <span class='ocrx_word' id='word_1_358' title='bbox 829 4304 1010 4356; x_wconf 77' lang='lat' dir='ltr'>necessitatem</span> <span class='ocrx_word' id='word_1_359' title='bbox 1023 4304 1033 4370; x_wconf 75' lang='grc' dir='ltr'>ΙΙ</span> <span class='ocrx_word' id='word_1_360' title='bbox 1048 4308 1088 4356; x_wconf 78' lang='grc'>14.</span> <span class='ocrx_word' id='word_1_361' title='bbox 1108 4301 1307 4372; x_wconf 83' lang='lat' dir='ltr'>gratissimum.</span> <span class='ocrx_word' id='word_1_362' title='bbox 1336 4301 1400 4354; x_wconf 89' lang='lat' dir='ltr'>uale</span> <span class='ocrx_word' id='word_1_363' title='bbox 1421 4303 1459 4371; x_wconf 76' lang='lat' dir='ltr'>Gl</span> 
     </span>
     <span class='ocr_line' id='line_1_37' title="bbox 187 4370 1465 4447; baseline 0.002 -22"><span class='ocrx_word' id='word_1_364' title='bbox 187 4378 227 4426; x_wconf 79' lang='grc'>16.</span> <span class='ocrx_word' id='word_1_365' title='bbox 247 4377 452 4445; x_wconf 73' lang='lat' dir='ltr'>inscriptionem</span> <span class='ocrx_word' id='word_1_366' title='bbox 470 4394 521 4432; x_wconf 86' lang='lat' dir='ltr'>om.</span> <span class='ocrx_word' id='word_1_367' title='bbox 542 4377 597 4433; x_wconf 89' lang='lat' dir='ltr'>GR</span> <span class='ocrx_word' id='word_1_368' title='bbox 615 4380 624 4447; x_wconf 78' lang='lat' dir='ltr'>ll</span> <span class='ocrx_word' id='word_1_369' title='bbox 646 4370 759 4430; x_wconf 90' lang='lat' dir='ltr'>seruilio</span> <span class='ocrx_word' id='word_1_370' title='bbox 779 4372 816 4424; x_wconf 87' lang='lat' dir='ltr'><strong><em>M</em></strong></span> <span class='ocrx_word' id='word_1_371' title='bbox 834 4373 844 4440; x_wconf 81' lang='grc' dir='ltr'>ΙΙ</span> <span class='ocrx_word' id='word_1_372' title='bbox 867 4377 907 4426; x_wconf 76' lang='lat'>17.</span> <span class='ocrx_word' id='word_1_373' title='bbox 928 4389 985 4441; x_wconf 87' lang='lat' dir='ltr'>qua</span> <span class='ocrx_word' id='word_1_374' title='bbox 1003 4391 1069 4426; x_wconf 88' lang='lat' dir='ltr'>usus</span> <span class='ocrx_word' id='word_1_375' title='bbox 1089 4374 1130 4443; x_wconf 82' lang='lat' dir='ltr'>es]</span> <span class='ocrx_word' id='word_1_376' title='bbox 1150 4375 1184 4440; x_wconf 82' lang='lat' dir='ltr'>cf.</span> <span class='ocrx_word' id='word_1_377' title='bbox 1206 4374 1233 4428; x_wconf 84' lang='lat'>0.</span> <span class='ocrx_word' id='word_1_378' title='bbox 1251 4373 1286 4428; x_wconf 84' lang='lat' dir='ltr'>F.</span> <span class='ocrx_word' id='word_1_379' title='bbox 1303 4374 1345 4427; x_wconf 89' lang='lat' dir='ltr'>W.</span> <span class='ocrx_word' id='word_1_380' title='bbox 1360 4373 1465 4427; x_wconf 73' lang='lat' dir='ltr'>Matller</span> 
     </span>
     <span class='ocr_line' id='line_1_38' title="bbox 186 4443 1463 4518; baseline -0.001 -22"><span class='ocrx_word' id='word_1_381' title='bbox 186 4462 252 4500; x_wconf 76' lang='lat' dir='ltr'>aaa.</span> <span class='ocrx_word' id='word_1_382' title='bbox 267 4447 338 4514; x_wconf 80' lang='lat' dir='ltr'>phil.</span> <span class='ocrx_word' id='word_1_383' title='bbox 358 4453 426 4501; x_wconf 83' lang='grc'><strong>1866</strong></span> <span class='ocrx_word' id='word_1_384' title='bbox 441 4466 471 4518; x_wconf 89' lang='lat' dir='ltr'>p.</span> <span class='ocrx_word' id='word_1_385' title='bbox 487 4453 548 4515; x_wconf 78' lang='lat'>488,</span> <span class='ocrx_word' id='word_1_386' title='bbox 563 4454 578 4501; x_wconf 79' lang='grc' dir='ltr'><strong>ὅ</strong></span> <span class='ocrx_word' id='word_1_387' title='bbox 593 4451 602 4517; x_wconf 83' lang='grc' dir='ltr'>ΙΙ</span> <span class='ocrx_word' id='word_1_388' title='bbox 617 4465 645 4502; x_wconf 87' lang='lat' dir='ltr'>os</span> <span class='ocrx_word' id='word_1_389' title='bbox 666 4443 701 4512; x_wconf 91' lang='lat' dir='ltr'>G,</span> <span class='ocrx_word' id='word_1_390' title='bbox 719 4449 745 4498; x_wconf 79' lang='lat' dir='ltr'>et</span> <span class='ocrx_word' id='word_1_391' title='bbox 763 4460 796 4497; x_wconf 75' lang='lat' dir='ltr'>aa</span> <span class='ocrx_word' id='word_1_392' title='bbox 814 4445 858 4496; x_wconf 87' lang='lat' dir='ltr'>est</span> <span class='ocrx_word' id='word_1_393' title='bbox 875 4443 916 4497; x_wconf 90' lang='lat' dir='ltr'>R¹</span> <span class='ocrx_word' id='word_1_394' title='bbox 936 4444 1007 4512; x_wconf 58' lang='grc' dir='ltr'>(ΜΤ)</span> <span class='ocrx_word' id='word_1_395' title='bbox 1020 4447 1029 4513; x_wconf 89' lang='grc' dir='ltr'>ΙΙ</span> <span class='ocrx_word' id='word_1_396' title='bbox 1044 4450 1084 4499; x_wconf 82' lang='grc'>18.</span> <span class='ocrx_word' id='word_1_397' title='bbox 1105 4443 1237 4512; x_wconf 89' lang='lat' dir='ltr'>quatinus</span> <span class='ocrx_word' id='word_1_398' title='bbox 1258 4444 1313 4499; x_wconf 84' lang='lat' dir='ltr'>GR</span> <span class='ocrx_word' id='word_1_399' title='bbox 1326 4446 1336 4512; x_wconf 87' lang='grc' dir='ltr'>ΙΙ</span> <span class='ocrx_word' id='word_1_400' title='bbox 1349 4449 1390 4496; x_wconf 89' lang='lat'>21.</span> <span class='ocrx_word' id='word_1_401' title='bbox 1411 4443 1463 4496; x_wconf 88' lang='lat' dir='ltr'>eis-</span> 
     </span>
     <span class='ocr_line' id='line_1_39' title="bbox 187 4513 1463 4637; baseline 0.001 -70"><span class='ocrx_word' id='word_1_402' title='bbox 187 4514 262 4586; x_wconf 90' lang='lat' dir='ltr'>dem]</span> <span class='ocrx_word' id='word_1_403' title='bbox 281 4517 392 4572; x_wconf 83' lang='lat' dir='ltr'>hisdem</span> <span class='ocrx_word' id='word_1_404' title='bbox 411 4519 482 4587; x_wconf 76' lang='lat' dir='ltr'>MR,</span> <span class='ocrx_word' id='word_1_405' title='bbox 500 4520 591 4574; x_wconf 71' lang='lat' dir='ltr'>isdem</span> <span class='ocrx_word' id='word_1_406' title='bbox 611 4521 636 4575; x_wconf 79' lang='grc' dir='ltr'><em>θ</em></span> <span class='ocrx_word' id='word_1_407' title='bbox 657 4522 667 4588; x_wconf 71' lang='lat'>11</span> <span class='ocrx_word' id='word_1_408' title='bbox 689 4519 731 4567; x_wconf 91' lang='lat'>22.</span> <span class='ocrx_word' id='word_1_409' title='bbox 753 4513 847 4637; x_wconf 79' lang='lat' dir='ltr'>sapius</span> <span class='ocrx_word' id='word_1_410' title='bbox 866 4513 1000 4583; x_wconf 86' lang='lat' dir='ltr'>epistolas</span> <span class='ocrx_word' id='word_1_411' title='bbox 1018 4515 1047 4571; x_wconf 87' lang='lat' dir='ltr'><em>R</em></span> <span class='ocrx_word' id='word_1_412' title='bbox 1065 4518 1074 4584; x_wconf 88' lang='grc' dir='ltr'>ΙΙ</span> <span class='ocrx_word' id='word_1_413' title='bbox 1092 4531 1144 4568; x_wconf 88' lang='lat' dir='ltr'>noc</span> <span class='ocrx_word' id='word_1_414' title='bbox 1162 4531 1246 4568; x_wconf 89' lang='lat' dir='ltr'>nosco</span> <span class='ocrx_word' id='word_1_415' title='bbox 1265 4517 1325 4582; x_wconf 72' lang='lat' dir='ltr'>(oin.</span> <span class='ocrx_word' id='word_1_416' title='bbox 1345 4514 1409 4591; x_wconf 88' lang='lat' dir='ltr'>R¹)]</span> <span class='ocrx_word' id='word_1_417' title='bbox 1428 4516 1463 4581; x_wconf 86' lang='lat' dir='ltr'>cs.</span> 
     </span>
     <span class='ocr_line' id='line_1_40' title="bbox 187 4584 1465 4660; baseline 0.003 -23"><span class='ocrx_word' id='word_1_418' title='bbox 187 4586 337 4643; x_wconf 74' lang='lat' dir='ltr'>Mammam</span> <span class='ocrx_word' id='word_1_419' title='bbox 348 4589 406 4643; x_wconf 72' lang='grc'><strong><em>(1.1,</em></strong></span> <span class='ocrx_word' id='word_1_420' title='bbox 413 4592 446 4644; x_wconf 69' lang='lat' dir='ltr'>L.</span> <span class='ocrx_word' id='word_1_421' title='bbox 454 4591 465 4643; x_wconf 95' lang='grc' dir='ltr'><strong>Ι</strong></span> <span class='ocrx_word' id='word_1_422' title='bbox 473 4609 501 4660; x_wconf 78' lang='lat' dir='ltr'>p,</span> <span class='ocrx_word' id='word_1_423' title='bbox 509 4596 551 4658; x_wconf 69' lang='lat'>67,</span> <span class='ocrx_word' id='word_1_424' title='bbox 562 4591 636 4644; x_wconf 81' lang='lat' dir='ltr'>XLII</span> <span class='ocrx_word' id='word_1_425' title='bbox 650 4594 659 4660; x_wconf 74' lang='grc' dir='ltr'>ΙΙ</span> <span class='ocrx_word' id='word_1_426' title='bbox 673 4591 715 4643; x_wconf 79' lang='lat'>23.</span> <span class='ocrx_word' id='word_1_427' title='bbox 724 4590 764 4638; x_wconf 76' lang='lat'>24.</span> <span class='ocrx_word' id='word_1_428' title='bbox 801 4584 852 4638; x_wconf 88' lang='lat' dir='ltr'>icis</span> <span class='ocrx_word' id='word_1_429' title='bbox 863 4584 967 4639; x_wconf 89' lang='lat' dir='ltr'>habere</span> <span class='ocrx_word' id='word_1_430' title='bbox 979 4587 1003 4639; x_wconf 87' lang='lat' dir='ltr'><em>G</em></span> <span class='ocrx_word' id='word_1_431' title='bbox 1017 4588 1027 4654; x_wconf 79' lang='grc' dir='ltr'>ΙΙ</span> <span class='ocrx_word' id='word_1_432' title='bbox 1041 4593 1082 4639; x_wconf 79' lang='lat'>24.</span> <span class='ocrx_word' id='word_1_433' title='bbox 1095 4586 1246 4639; x_wconf 87' lang='lat' dir='ltr'>admodum</span> <span class='ocrx_word' id='word_1_434' title='bbox 1256 4586 1297 4650; x_wconf 88' lang='lat' dir='ltr'>M,</span> <span class='ocrx_word' id='word_1_435' title='bbox 1309 4585 1380 4639; x_wconf 90' lang='lat' dir='ltr'>adeo</span> <span class='ocrx_word' id='word_1_436' title='bbox 1391 4585 1446 4641; x_wconf 83' lang='lat' dir='ltr'>GR</span> <span class='ocrx_word' id='word_1_437' title='bbox 1455 4586 1465 4657; x_wconf 77' lang='grc'>[1</span> 
     </span>
     <span class='ocr_line' id='line_1_41' title="bbox 186 4656 1464 4731; baseline 0 -22"><span class='ocrx_word' id='word_1_438' title='bbox 186 4662 227 4710; x_wconf 77' lang='lat'>24.</span> <span class='ocrx_word' id='word_1_439' title='bbox 244 4663 286 4711; x_wconf 81' lang='lat'>25.</span> <span class='ocrx_word' id='word_1_440' title='bbox 307 4664 483 4728; x_wconf 66' lang='lat' dir='ltr'>sponsantes</span> <span class='ocrx_word' id='word_1_441' title='bbox 501 4663 538 4717; x_wconf 93' lang='lat' dir='ltr'>M</span> <span class='ocrx_word' id='word_1_442' title='bbox 553 4665 562 4731; x_wconf 85' lang='grc' dir='ltr'>ΙΙ</span> <span class='ocrx_word' id='word_1_443' title='bbox 583 4667 624 4716; x_wconf 78' lang='grc'>27.</span> <span class='ocrx_word' id='word_1_444' title='bbox 644 4661 698 4716; x_wconf 92' lang='lat' dir='ltr'>hoc</span> <span class='ocrx_word' id='word_1_445' title='bbox 716 4673 767 4711; x_wconf 86' lang='lat' dir='ltr'>om.</span> <span class='ocrx_word' id='word_1_446' title='bbox 786 4657 814 4711; x_wconf 90' lang='lat' dir='ltr'><em>R</em></span> <span class='ocrx_word' id='word_1_447' title='bbox 833 4658 842 4724; x_wconf 81' lang='grc' dir='ltr'>ΙΙ</span> <span class='ocrx_word' id='word_1_448' title='bbox 860 4662 902 4709; x_wconf 87' lang='grc'>30.</span> <span class='ocrx_word' id='word_1_449' title='bbox 922 4656 1072 4710; x_wconf 83' lang='lat' dir='ltr'>actoritate</span> <span class='ocrx_word' id='word_1_450' title='bbox 1087 4657 1122 4709; x_wconf 92' lang='lat' dir='ltr'>M</span> <span class='ocrx_word' id='word_1_451' title='bbox 1138 4660 1147 4725; x_wconf 77' lang='lat' dir='ltr'>ll</span> <span class='ocrx_word' id='word_1_452' title='bbox 1166 4662 1206 4711; x_wconf 82' lang='lat'>30.</span> <span class='ocrx_word' id='word_1_453' title='bbox 1222 4662 1264 4710; x_wconf 80' lang='grc'>31.</span> <span class='ocrx_word' id='word_1_454' title='bbox 1280 4656 1464 4726; x_wconf 89' lang='lat' dir='ltr'>dignissimae</span> 
     </span>
     <span class='ocr_line' id='line_1_42' title="bbox 185 4726 1447 4808; baseline 0.001 -26"><span class='ocrx_word' id='word_1_455' title='bbox 185 4732 223 4798; x_wconf 77' lang='lat' dir='ltr'>(e</span> <span class='ocrx_word' id='word_1_456' title='bbox 242 4729 283 4798; x_wconf 82' lang='lat' dir='ltr'>R,</span> <span class='ocrx_word' id='word_1_457' title='bbox 306 4738 338 4786; x_wconf 78' lang='lat' dir='ltr'>at</span> <span class='ocrx_word' id='word_1_458' title='bbox 360 4733 436 4802; x_wconf 82' lang='lat' dir='ltr'>solet)</span> <span class='ocrx_word' id='word_1_459' title='bbox 460 4734 527 4802; x_wconf 90' lang='lat' dir='ltr'>GR,</span> <span class='ocrx_word' id='word_1_460' title='bbox 554 4737 583 4788; x_wconf 90' lang='lat' dir='ltr'>et</span> <span class='ocrx_word' id='word_1_461' title='bbox 607 4726 771 4804; x_wconf 80' lang='lat' dir='ltr'>dignissime</span> <span class='ocrx_word' id='word_1_462' title='bbox 794 4728 836 4782; x_wconf 93' lang='lat' dir='ltr'>M.</span> <span class='ocrx_word' id='word_1_463' title='bbox 869 4729 897 4780; x_wconf 91' lang='lat' dir='ltr'>et</span> <span class='ocrx_word' id='word_1_464' title='bbox 921 4727 1103 4800; x_wconf 85' lang='lat' dir='ltr'>&lt;dignitate&gt;</span> <span class='ocrx_word' id='word_1_465' title='bbox 1128 4728 1154 4781; x_wconf 96' lang='lat' dir='ltr'>d.</span> <span class='ocrx_word' id='word_1_466' title='bbox 1179 4727 1321 4808; x_wconf 79' lang='lat' dir='ltr'>chnaaqu</span> <span class='ocrx_word' id='word_1_467' title='bbox 1345 4732 1386 4798; x_wconf 89' lang='lat' dir='ltr'>(p.</span> <span class='ocrx_word' id='word_1_468' title='bbox 1402 4731 1447 4798; x_wconf 84' lang='grc'>93)</span> 
     </span>
     <span class='ocr_line' id='line_1_43' title="bbox 187 4799 1148 4874; baseline 0.003 -23"><span class='ocrx_word' id='word_1_469' title='bbox 187 4806 227 4853; x_wconf 84' lang='lat'>31.</span> <span class='ocrx_word' id='word_1_470' title='bbox 247 4801 286 4853; x_wconf 87' lang='lat' dir='ltr'>sis</span> <span class='ocrx_word' id='word_1_471' title='bbox 306 4800 376 4871; x_wconf 82' lang='lat' dir='ltr'>MR,</span> <span class='ocrx_word' id='word_1_472' title='bbox 396 4803 434 4856; x_wconf 90' lang='lat' dir='ltr'>sit</span> <span class='ocrx_word' id='word_1_473' title='bbox 453 4804 488 4874; x_wconf 85' lang='lat' dir='ltr'>G,</span> <span class='ocrx_word' id='word_1_474' title='bbox 506 4821 581 4859; x_wconf 86' lang='lat' dir='ltr'>esses</span> <span class='ocrx_word' id='word_1_475' title='bbox 601 4806 760 4870; x_wconf 74' lang='lat' dir='ltr'>Wesenbery</span> <span class='ocrx_word' id='word_1_476' title='bbox 772 4802 782 4868; x_wconf 84' lang='grc' dir='ltr'>ΙΙ</span> <span class='ocrx_word' id='word_1_477' title='bbox 796 4805 837 4854; x_wconf 81' lang='lat'>32.</span> <span class='ocrx_word' id='word_1_478' title='bbox 858 4799 1002 4853; x_wconf 87' lang='lat' dir='ltr'>adsentior</span> <span class='ocrx_word' id='word_1_479' title='bbox 1020 4800 1102 4853; x_wconf 91' lang='lat' dir='ltr'>modo</span> <span class='ocrx_word' id='word_1_480' title='bbox 1123 4800 1148 4854; x_wconf 91' lang='lat' dir='ltr'><em>G</em></span> 
     </span>
    </p>
   </div>
   <div class='ocr_carea' id='block_1_7' title="bbox 1455 4786 1464 4799">
    <p class='ocr_par' dir='ltr' id='par_1_12' title="bbox 1455 4786 1464 4799">
     <span class='ocr_line' id='line_1_44' title="bbox 1455 4786 1464 4799; baseline 0 0"><span class='ocrx_word' id='word_1_481' title='bbox 1455 4786 1464 4799; x_wconf 79' lang='lat' dir='ltr'>ll</span> 
     </span>
    </p>
   </div>
   <div class='ocr_carea' id='block_1_8' title="bbox 0 0 1648 5460">
    <p class='ocr_par' dir='ltr' id='par_1_13' title="bbox 0 0 1648 5460">
     <span class='ocr_line' id='line_1_45' title="bbox 0 0 1648 5460; baseline 0 2"><span class='ocrx_word' id='word_1_482' title='bbox 0 0 1648 5460; x_wconf 95' lang='lat' dir='ltr'> </span> 
     </span>
    </p>
   </div>
  </div>
 </body>
</html>
