3286 5460
203 351 263 415 156
650 348 688 403 Μ.
708 348 814 402 TVLLI
833 345 1023 402 CICERONIS

196 514 376 598 sapientiae
396 519 486 599 tuae3
509 514 561 578 sin
578 513 668 598 haec,
692 535 773 597 quae
794 512 893 578 ceteri
912 511 1082 595 mirantur,
1101 509 1339 577 contemnenda
1357 508 1475 573 duxisti

196 628 243 707 et,
271 645 345 688 cum
373 644 430 706 per
458 620 676 686 valetudinem
703 641 831 704 posses,
860 619 970 683 venire
994 622 1105 683 tamen
1126 616 1277 702 noluisti,
1304 619 1475 700 utrumque

199 731 313 814 laetor,
336 733 369 794 et
392 730 460 794 sine
484 729 595 793 dolore
619 727 765 812 corporis
789 730 822 791 te
845 726 947 791 fuisse
971 729 1005 790 et
1029 724 1137 790 animo
1160 722 1312 808 valuisse,
1335 745 1411 788 cum
1433 744 1474 806 ea,

199 859 280 921 quae
305 837 374 901 sine
398 858 495 901 causa
518 835 679 900 mirantur
703 834 773 918 alii,
800 831 997 919 neglexeris,
1027 832 1123 896 modo
1146 835 1184 897 ut
1207 831 1270 897 tibi
1292 829 1474 896 constiterit

198 944 322 1008 fructus
346 942 406 1008 otii
430 942 492 1026 tui,
524 963 587 1025 quo
613 941 743 1025 quidem
767 940 828 1004 tibi
852 938 975 1024 perfrui
999 938 1135 1004 mirifice
1156 938 1265 1023 licuit,
1292 959 1367 1003 cum
1391 957 1473 1002 esses
1495 960 1504 998 r

198 1051 231 1115 in
254 1051 319 1115 ista
342 1049 540 1114 amoenitate
563 1070 665 1132 paene
689 1048 778 1112 solus
802 1047 944 1112 relictus.
990 1067 1094 1130 neque
1117 1049 1227 1110 tamen
1250 1045 1377 1131 dubito,
1400 1043 1473 1128 quin

197 1163 233 1222 tu
256 1158 290 1222 in
313 1157 371 1222 illo
396 1156 545 1221 cubiculo
570 1160 641 1239 tuo,
671 1176 710 1219 ex
734 1176 797 1238 quo
826 1153 888 1218 tibi
913 1151 1107 1218 Stabianum
1133 1151 1310 1238 perforasti
1334 1156 1368 1216 et
1390 1156 1473 1236 pate·

195 1265 302 1330 fecisti
335 1265 493 1347 †senum,
525 1284 583 1346 per
612 1283 667 1326 eos
696 1262 764 1327 dies
795 1260 955 1325 matutina
987 1264 1137 1344 tempora
1168 1258 1376 1326 lectiunculis
1405 1279 1473 1323 con·

196 1371 388 1455 sumpseriS,
421 1392 494 1434 cum
527 1369 576 1433 illi
608 1369 748 1452 interea,
781 1367 836 1452 qui
869 1373 902 1433 te
934 1366 1010 1432 istic
1043 1366 1258 1452 reliquerunt,
1290 1369 1473 1452 spectarent

196 1477 376 1544 communis
411 1477 528 1540 mimos
561 1475 757 1540 semisomni.
813 1474 955 1559 reliquas
987 1496 1063 1538 vero
1101 1473 1203 1556 partis
1236 1472 1301 1537 diei
1333 1478 1371 1537 tu
1405 1494 1505 1538 con-1⁰

197 1585 348 1649 sumebas
372 1582 418 1647 eis
442 1582 722 1666 delectationibus,
747 1603 826 1666 quas
851 1581 913 1646 tibi
936 1580 1000 1666 ipsi
1023 1580 1065 1645 ad
1087 1581 1260 1646 arbitrium
1278 1585 1374 1645 tuum
1392 1600 1473 1645 com·

196 1712 346 1774 parares,
383 1689 478 1754 nobis
516 1692 625 1754 autem
662 1693 755 1754 erant
792 1711 831 1754 ea
865 1688 1092 1774 perpetienda,
1129 1710 1211 1772 quae
1244 1685 1297 1772 Sp.
1330 1685 1472 1753 Maecius

161 1795 410 1881 aprobavisset.
457 1796 602 1881 omnine,
635 1796 663 1860 si
691 1797 834 1882 quaeris,
864 1796 934 1861 ludi
961 1795 1218 1881 apparatissimi,
1249 1795 1305 1860 sed
1331 1816 1399 1859 non
1427 1794 1472 1859 tui

199 1904 373 1990 stomachi3
405 1903 625 1969 coniecturam
655 1903 741 1968 enim
769 1903 854 1970 facio
882 1904 921 1968 de
949 1926 1035 1969 meo:
1066 1925 1144 1968 nam
1170 1902 1313 1988 primum
1340 1901 1472 1967 honoris

197 2034 295 2078 causa
317 2011 351 2075 in
376 2032 526 2076 scaenam
548 2011 712 2075 redierant
734 2011 778 2096 ei,
809 2032 891 2095 quos
919 2032 980 2096 ego
1008 2011 1143 2076 honoris
1167 2031 1265 2075 causa
1292 2009 1332 2074 de
1360 2031 1474 2075 scaeua
1488 2030 1509 2071 a

195 2120 325 2185 decesse
359 2118 557 2204 arbitrabar3
589 2117 722 2184 deliciae
753 2140 829 2183 vero
862 2122 954 2204 tuae,
983 2121 1095 2183 noster
1123 2116 1285 2202 Aesopus,
1317 2114 1475 2180 eiusmodi

195 2225 271 2309 fuit,
300 2228 337 2288 ut
360 2224 390 2289 ei
414 2224 560 2290 desinere
582 2247 641 2309 per
665 2225 770 2290 omnis
794 2225 942 2290 homines
965 2225 1092 2290 liceret:
1121 2224 1150 2290 is
1172 2224 1280 2289 imaro
1308 2244 1385 2288 cum
1408 2244 1475 2288 coe

193 2333 305 2416 pisset,
328 2353 391 2396 vox
411 2354 484 2396 eum
504 2331 622 2396 defecit
645 2333 680 2397 in
703 2333 760 2397 illo
784 2333 871 2398 loco:
895 2331 936 2397 ‘si
959 2331 1064 2398 sciens
1087 2329 1188 2397 fallo?
1230 2330 1308 2416 quid
1327 2329 1392 2395 tibi
1415 2351 1474 2416 ego

192 2438 256 2503 alia
278 2439 430 2503 narrem?
462 2439 550 2504 nosti
579 2439 665 2505 enim
695 2440 838 2524 reliquos
865 2439 983 2524 ludos,
1003 2439 1058 2524 qui
1080 2461 1121 2504 ne
1144 2438 1177 2504 id
1202 2438 1331 2522 quidem
1354 2437 1476 2523 leporis

191 2547 388 2630 habuerunt,
421 2547 507 2631 quod
536 2546 644 2612 solent
673 2547 850 2612 mediocres
878 2547 960 2632 ludi3
992 2550 1170 2632 apparatus
1199 2545 1285 2611 euim
1312 2544 1474 2631 spectatio
1488 2565 1511 2605 a

193 2653 332 2718 tollebat
356 2675 485 2718 omnem
508 2652 719 2739 hilaritatem,
743 2676 808 2738 quo
833 2643 963 2737 quidem
987 2658 1145 2738 apparatu
1167 2674 1233 2718 non
1256 2651 1372 2717 dubito
1397 2650 1476 2736 quin

194 2761 302 2825 auimo
327 2760 522 2844 aequissimo
547 2762 704 2847 carueris,
727 2761 804 2845 quid
828 2760 915 2825 enim
938 2760 1164 2827 delectationis
1187 2759 1311 2825 habent
1333 2757 1474 2824 sescenti

194 2868 274 2932 muli
293 2868 327 2932 in
348 2864 613 2952 ‘Clytaemestra’
637 2872 695 2932 aut
712 2868 747 2932 in
770 2867 865 2953 ‘equo
884 2867 1039 2933 Troiano’
1064 2871 1279 2934 creterrarum
1298 2864 1365 2930 tria
1384 2864 1476 2931 milia

194 2980 251 3038 aut
274 2978 440 3038 armatura
467 2975 559 3040 varia
585 2975 750 3060 peditatus
781 2979 814 3040 et
841 2975 1007 3060 equitatus
1031 2976 1065 3040 in
1089 2974 1200 3058 aliqua
1225 2971 1358 3059 pugna?
1393 2994 1474 3058 quae

193 3080 384 3164 popularem
405 3081 653 3146 admirationem
677 3081 871 3167 habuerunt,
894 3083 1143 3148 delectationem
1162 3078 1224 3145 tibi
1241 3079 1366 3146 nullam
1391 3084 1473 3145 attu·
1487 3099 1511 3141 a

283 3242 305 3290 1.
332 3239 360 3290 et
379 3245 443 3306 post
465 3238 669 3293 contemnenda
693 3257 753 3309 exp.
772 3240 834 3306 M¹‚
857 3247 889 3295 at
911 3241 965 3295 oid.
998 3242 1007 3309 11
1039 3244 1064 3293 9.
1089 3237 1206 3292 uoluisti
1231 3238 1257 3294 G
1288 3240 1298 3305 1
1329 3243 1353 3292 9.
1379 3237 1474 3292 dolore

193 3326 227 3362 cr
246 3307 295 3361 ·ris
315 3307 361 3362 Μι
380 3311 389 3378 11
409 3313 433 3363 5.
453 3325 528 3364 esses
547 3328 580 3365 ex
599 3328 660 3365 esse
679 3312 729 3364 Mf
746 3314 755 3380 11
775 3316 798 3365 7.
818 3309 1027 3379 indulcatam
1045 3312 1072 3364 a
1085 3312 1095 3380 11
1108 3309 1271 3364 stabiauum
1288 3309 1361 3379 MR,
1380 3307 1473 3363 sabia·

192 3397 259 3432 num
280 3381 312 3433 G.
340 3378 480 3434 tablinum
495 3381 567 3436 Boot
585 3383 663 3450 (‘obs.
679 3384 750 3437 crit!
767 3400 797 3451 p.
815 3385 866 3452 19),
885 3381 964 3436 istud
981 3380 1163 3436 maenianum
1179 3381 1308 3453 Tymlln
1321 3384 1345 3434 8.
1363 3380 1474 3451 senum]

193 3450 285 3503 sinum
300 3458 363 3520 post
383 3453 453 3506 alios
467 3453 539 3506 Boot
557 3460 581 3506 ct
600 3454 741 3520 Kieerliao
760 3456 838 3522 (mus.
853 3454 940 3508 Rhea.
959 3452 1070 3507 XXXII.
1091 3457 1168 3508 1877.
1184 3469 1215 3522 p.
1230 3453 1301 3520 696),
1318 3458 1391 3507 recte
1408 3458 1474 3534 puto

193 3525 287 3589 (senus
306 3524 421 3578 attenua
443 3524 533 3589 foratu
546 3525 672 3592 plebeia).
706 3511 846 3577 Misenum
868 3525 920 3578 alii
941 3526 951 3592 11
973 3522 1175 3593 spectiuuculis
1194 3523 1278 3579 Klotz
1300 3526 1310 3592 l
1333 3527 1359 3577 9.
1378 3521 1424 3577 illr
1440 3539 1474 3578 tx

193 3592 233 3646 ini
252 3594 302 3646 Mr
323 3596 333 3662 11
357 3599 398 3648 10.
418 3593 573 3648 communis
596 3594 695 3649 mimos
720 3594 881 3649 semisomni
905 3595 986 3664 (semi
1009 3595 1100 3650 somni
1121 3595 1157 3663 G)
1176 3594 1251 3663 MG,
1275 3592 1417 3648 communi
1434 3592 1474 3647 mi

192 3664 329 3718 nossemis
358 3664 435 3718 omni
463 3666 499 3720 R.
537 3665 690 3720 comminus
715 3684 769 3736 pro
796 3665 951 3720 eommunis
979 3669 1048 3722 coci.
1078 3667 1196 3737 Madoip
1223 3666 1310 3733 (‘cdo.
1336 3665 1411 3720 crit!
1435 3664 1473 3719 ΙΙΙ

189 3755 219 3806 p.
236 3739 297 3816 1581
321 3739 330 3805 11
354 3742 395 3790 11.
415 3734 469 3861 oisy]
494 3735 538 3790 his
557 3738 596 3805 a,
623 3736 658 3790 iis
678 3754 694 3796 5
717 3740 726 3807 11
748 3737 804 3807 ipsi
821 3740 860 3807 ,9,
886 3737 947 3808 ipse
967 3756 982 3797 5
1005 3741 1015 3808 11
1039 3743 1080 3793 19.
1100 3737 1160 3809 Sp]
1184 3754 1205 3791 s.
1224 3755 1251 3806 p.
1271 3736 1347 3799 MR,
1368 3735 1473 3791 sextius

192 3807 306 3876 pubhus
327 3807 360 3861 G.
387 3808 421 3873 cf.
467 3808 685 3875 soffri-Schwabe
704 3811 765 3864 bist.
785 3811 836 3865 litt.
851 3810 928 3864 Rom.
945 3828 975 3880 p.
990 3811 1057 3863 407ὁ
1070 3811 1079 3877 11
1094 3813 1136 3863 14,
1156 3807 1353 3892 59111155ὴί18.
1374 3807 1473 3863 Hiero·

194 3877 1122 4029 lull'altlltatii}‘tldladtd‘atllet
1137 3881 1474 4020 telettum

193 4021 229 4087 R,
250 4037 346 4073 cenam
365 4021 427 4075 ΜΘ
450 4023 459 4089 11
482 4020 520 4091 er]
541 4020 571 4074 hi
589 4023 628 4088 a,
647 4020 668 4074 ii
687 4038 703 4080 5
726 4024 735 4089 11
759 4038 860 4076 scaena
879 4023 924 4090 Μ,
945 4038 1028 4077 scena
1046 4024 1087 4090 R,
1106 4038 1196 4076 caena
1215 4022 1241 4077 G
1264 4023 1274 4090 11
1299 4026 1340 4076 16.
1361 4020 1474 4077 decesso

194 4091 239 4157 M,
268 4090 437 4145 descessisse
464 4093 525 4160 (sic)
553 4092 594 4161 R,
623 4092 786 4146 discessisse
816 4094 841 4149 G
874 4096 884 4161 11
915 4097 1010 4147 noster
1038 4097 1082 4147 est
1111 4110 1211 4163 asopus
1239 4093 1280 4161 a,
1308 4095 1405 4147 noster
1432 4093 1475 4147 est

194 4179 263 4230 opus
284 4162 332 4230 Gn
348 4167 389 4216 17.
410 4167 453 4216 18.
472 4162 496 4215 is
516 4179 579 4216 cum
597 4163 689 4217 iurare
708 4163 848 4233 coepisset
867 4165 893 4221 G
913 4167 922 4233 11
944 4171 984 4219 18.
1005 4164 1030 4219 si
1048 4181 1086 4219 se.
1106 4165 1138 4236 f.]
1162 4167 1197 4232 cs.
1216 4164 1335 4220 Ribbeck
1355 4164 1394 4219 ‘d
1408 4170 1473 4220 rdna

196 4234 342 4302 Trapddie'
364 4234 452 4301 (Lapa.
473 4236 597 4303 187511).
613 4240 647 4287 49
671 4237 680 4304 11
704 4241 745 4290 19.
765 4235 813 4304 qui
834 4237 868 4301 G,
888 4235 956 4304 quid
975 4237 1045 4292 MR.
1076 4235 1199 4304 reliquos
1218 4235 1308 4289 ludos.
1328 4234 1416 4302 quid?
1439 4251 1475 4289 ne

193 4306 370 4373 ‹listiapuaat
397 4306 457 4358 olii.
489 4304 620 4373 reliquos.
653 4305 713 4360 ludi
741 4324 776 4361 ne
800 4308 934 4362 Streieher
961 4310 1083 4376 (p.106)
1112 4310 1121 4375 11
1148 4324 1182 4361 ne
1207 4305 1238 4359 id
1261 4306 1336 4374 MR,
1365 4323 1402 4360 ne
1426 4305 1476 4375 61

194 4381 235 4428 20.
256 4374 331 4443 quod
350 4374 453 4443 leporis
473 4375 634 4430 habuerunt
655 4386 715 4446 post
733 4377 893 4431 habuerunt
912 4381 942 4431 ia
961 4378 998 4431 M
1011 4381 1115 4448 scripta
1137 4380 1187 4433 del.
1208 4378 1256 4432 Μι
1274 4381 1283 4447 11
1304 4383 1347 4432 22.
1368 4377 1474 4433 habeut

193 4463 243 4499 our.
265 4447 290 4500 G
311 4449 321 4514 11
342 4446 464 4500 sexcenti
485 4449 509 4500 G
533 4451 542 4516 11
565 4454 606 4502 93.
627 4448 824 4517 clytaemestra
843 4451 884 4517 M,
905 4448 1077 4504 clitemeatra
1095 4451 1131 4518 R,
1151 4448 1342 4504 clitemenstra
1363 4449 1399 4517 G,
1418 4448 1474 4519 cly-

193 4518 365 4570 taemnestra
384 4536 408 4576 5.
428 4522 462 4585 cf.
478 4520 586 4574 Ritscbl
604 4536 694 4588 opusc.
709 4521 734 4573 Il
750 4540 778 4589 p.
795 4526 854 4575 497.
871 4525 930 4588 517,
952 4520 979 4576 0.
997 4521 1032 4576 F.
1048 4522 1090 4575 W.
1107 4519 1475 4590 arellercdoic.op.1v,s

190 4606 219 4654 p.
235 4593 278 4654 39,
292 4594 339 4654 98,
367 4590 529 4661 Papopeorp
553 4592 628 4645 Berl.
654 4593 721 4660 phil.
743 4593 927 4647 ll'ocbcracbr.
949 4598 1017 4646 1886
1040 4613 1067 4660 p.
1083 4598 1142 4646 991.
1164 4597 1215 4645 955
1229 4593 1265 4646 ol.
1281 4594 1290 4659 11
1304 4590 1416 4647 troiano
1437 4593 1475 4647 0¹

194 4659 278 4725 (Mr),
301 4658 413 4712 traiano
432 4662 536 4716 MG²R
558 4664 567 4730 l
590 4664 773 4716 creterrarum
792 4665 830 4728 a,
860 4667 1065 4721 craterarum5
1093 4666 1102 4732 l
1130 4669 1171 4717 94.
1191 4663 1221 4717 in
1244 4661 1342 4730 aliqua
1365 4664 1475 4736 pugna]

194 4730 364 4793 offenderunt
392 4733 517 4798 occidam,
549 4735 598 4787 oia
626 4736 693 4789 iure.
726 4734 825 4788 adludi
852 4736 889 4788 ad
916 4742 1088 4804 praetextam
1119 4737 1241 4805 aliorsum
1269 4736 1334 4789 olim
1363 4737 1478 4806 putarit

194 4799 312 4854 laborer
332 4801 359 4868 (I.
376 4803 400 4853 d.
414 4820 442 4870 p.
458 4806 529 4872 557),
548 4805 627 4859 laodic
645 4823 701 4861 uon
716 4811 799 4876 prator
814 4808 877 4872 1195.
898 4806 1061 4877 popularem
1082 4805 1196 4873 quidem
1215 4805 1288 4861 adm.
1311 4805 1337 4861 G
