3286 5460
196 386 262 451 304
647 385 684 440 Μ.
704 384 811 439 TVLLI
830 383 1019 440 CICERONIS

196 554 311 614 nostro
336 569 471 633 magnas
496 570 558 634 ago
578 549 712 634 gratias,
732 550 818 634 quod
841 554 935 613 tuum
959 569 1038 634 erga
1057 571 1109 613 me
1128 549 1274 613 animum
1293 549 1470 633 simplicem

197 660 294 739 atque
319 656 458 720 amicum
482 656 610 740 aperuit
633 661 666 720 ct
689 656 785 741 quod,
809 678 898 738 eum,
923 677 1019 738 quem
1043 678 1171 740 semper
1193 657 1348 721 lubenter
1370 656 1470 737 dilexi,

198 785 262 846 quo
286 762 390 848 magis
420 763 488 826 iure
517 762 623 827 colere
652 766 749 846 atque
777 761 951 826 observare
979 762 1144 847 deberem,
1166 761 1253 827 feeit.
1300 762 1469 827 benevale

197 868 434 954 Emfflw

706 992 823 1059 XXIX.
858 991 964 1080 (333.)
1489 1019 1498 1057 a

621 1135 782 1202 CICERO
808 1134 936 1200 OPPIO
961 1134 993 1201 S.
1017 1135 1056 1200 D.

164 1300 175 1344 r
286 1280 459 1344 Dubitanti
493 1279 573 1344 mihi
601 1315 637 1323 -
664 1279 749 1362 quod
783 1279 845 1343 scit
872 1278 1003 1343 Atticus
1036 1283 1214 1344 noster-
1238 1281 1276 1346 de
1309 1281 1374 1346 hoc
1406 1285 1469 1346 toto

199 1386 334 1451 consilio
358 1384 585 1470 profectionis,
608 1385 694 1470 quod
721 1385 756 1449 in
784 1389 955 1470 utramque
983 1390 1111 1470 partem
1138 1386 1172 1450 in
1201 1391 1345 1452 mentem
1373 1388 1470 1452 multa

198 1494 385 1574 veniebant,
418 1513 573 1577 magnum
610 1492 736 1575 pondus
773 1493 912 1557 accessit
948 1493 989 1556 ad
1025 1491 1204 1557 tollendam
1235 1492 1470 1559 dubitationem

200 1600 353 1664 iudicium
387 1603 420 1663 et
453 1598 625 1663 consilium
653 1601 759 1682 tuum3
787 1622 864 1663 nam
892 1603 925 1662 et
953 1599 1114 1683 scripsisti
1145 1603 1270 1686 aperte,
1303 1601 1381 1684 quid
1414 1600 1470 1665 tibi
1484 1624 1504 1661 a

199 1707 372 1789 videretur,
395 1709 428 1769 et
447 1705 579 1770 Atticus
604 1706 644 1769 ad
667 1727 719 1770 me
743 1727 926 1770 sermonem
949 1710 1042 1770 tuum
1065 1706 1210 1790 pertulit.
1245 1729 1376 1791 semper
1399 1706 1473 1772 iudi-

197 1813 267 1878 cavi
292 1812 326 1875 in
349 1816 381 1875 te
405 1811 496 1876 etin
519 1812 673 1896 capiendo
698 1812 834 1877 consilio
857 1811 1065 1897 prudentiam
1094 1835 1255 1878 summam
1283 1835 1355 1879 esse
1383 1819 1417 1879 et
1442 1814 1473 1878 in

197 1919 303 1984 dando
327 1918 433 2002 fidem,
456 1917 659 2001 maximeque
684 1941 756 1984 sum
779 1924 946 2004 expertus,
970 1943 1044 1985 cum
1067 1919 1161 1984 initio
1186 1919 1291 1985 civilis
1315 1920 1397 1985 belli
1420 1943 1487 2005 per·

196 2027 326 2091 litteras
355 2029 387 2089 te
416 2024 666 2112 consuluissem,
690 2026 767 2109 quid
796 2026 876 2090 mihi
903 2025 1088 2091 faciendum
1116 2048 1186 2091 esse
1217 2048 1379 2113 censeres,
1402 2050 1473 2092 eun·

197 2134 314 2197 dumne
347 2132 387 2195 ad
419 2130 610 2216 Pompeium
643 2154 684 2196 an
716 2132 911 2197 manendum
943 2133 978 2197 in
1009 2131 1119 2197 Italia:
1152 2133 1300 2217 suasisti,
1332 2138 1371 2198 ut
1404 2156 1511 2199 con-15

198 2242 338 2304 sulorem
370 2236 524 2323 dignitati
557 2260 661 2323 maae3
693 2261 732 2302 ex
765 2260 843 2323 quo,
873 2238 950 2321 quid
978 2240 1131 2324 sentires,
1157 2239 1305 2304 intellexi
1337 2245 1373 2305 et
1405 2263 1476 2305 sum

198 2345 377 2410 admiratus
401 2345 498 2409 fidem
522 2350 611 2408 tuam
636 2349 669 2409 et
696 2345 730 2409 in
754 2345 890 2410 consilio
914 2345 1019 2410 dando
1047 2345 1252 2431 religionem,
1276 2347 1380 2431 quod,
1403 2370 1476 2413 cum

199 2454 286 2517 aliud
319 2452 415 2516 malle
449 2450 683 2515 amicissimum
719 2456 812 2516 tuum
849 2461 993 2536 putares,
1026 2451 1192 2537 antiquius
1229 2453 1291 2518 tibi
1329 2453 1476 2520 officium

163 2581 177 2624 a
198 2582 305 2623 meum
329 2580 427 2643 quam
450 2556 538 2621 illins
562 2557 713 2622 voluntas
736 2558 807 2623 fuit.
853 2558 1001 2642 equidem
1030 2563 1062 2622 et
1090 2563 1166 2624 ante
1192 2559 1256 2624 hoc
1283 2564 1417 2645 tempus
1445 2565 1477 2624 te

198 2667 295 2730 dilexi
319 2671 353 2729 ot
377 2686 504 2749 semper
527 2687 578 2728 me
602 2687 621 2729 a
643 2669 676 2729 te
707 2665 799 2750 diligi
828 2665 928 2729 sensi:
961 2668 1007 2748 et,
1036 2688 1109 2730 cum
1137 2665 1285 2731 abessem
1317 2671 1417 2751 atque
1445 2666 1516 2731 ina>

198 2773 325 2859 magnis
349 2771 502 2856 periculis
531 2793 649 2854 essem,
677 2776 711 2834 et
738 2794 789 2837 me
818 2772 987 2835 absentem
1014 2776 1048 2835 et
1075 2793 1164 2836 meos
1190 2773 1374 2856 praesentis
1404 2796 1424 2837 a
1446 2777 1479 2837 te

198 2882 302 2945 cultos
327 2885 360 2943 et
383 2878 531 2942 defensos
556 2899 626 2942 esse
651 2877 781 2941 memini
807 2882 841 2940 et
863 2880 938 2961 post
961 2899 1069 2942 meum
1092 2878 1242 2961 reditum,
1260 2899 1361 2962 quam
1384 2878 1479 2943 fami·

198 2987 325 3050 liariter
348 3007 473 3048 mecum
497 2984 629 3067 vixeris,
654 3006 800 3068 quaeque
827 3005 888 3070 ego
917 2985 955 3048 dc
983 2989 1017 3049 te
1045 2989 1078 3049 et
1105 2984 1262 3049 senserim
1290 2989 1324 3048 et
1352 2985 1480 3069 praedi·

199 3093 310 3173 carim,
334 3113 456 3172 omncs,
479 3090 535 3173 qui
559 3091 666 3153 solent
689 3091 768 3156 haec
793 3091 1063 3174 animadvertere,
1086 3090 1182 3155 testis
1205 3089 1381 3177 habemus;
1408 3113 1480 3177 gra·

199 3198 369 3262 vissimum
388 3218 464 3259 vero
489 3195 644 3260 iudicium
668 3196 706 3259 de
731 3219 802 3260 mea
825 3196 887 3260 fide
911 3200 944 3261 et
968 3198 1153 3261 constantia
1170 3196 1288 3281 fecisti,
1308 3219 1385 3263 cum
1402 3204 1480 3284 post
1493 3224 1517 3264 25

199 3308 337 3369 mortem
371 3300 517 3367 Caesaris
551 3304 657 3365 totum
689 3306 721 3366 te
755 3303 795 3366 ad
828 3303 1007 3368 amicitiam
1037 3326 1143 3368 meam
1177 3303 1362 3390 contulisti,
1393 3306 1481 3391 quod

199 3419 292 3476 tuum
315 3408 471 3474 iudicium
502 3407 565 3470 nisi
593 3430 664 3472 mea
693 3431 820 3474 summa
847 3410 1068 3476 benivolentia
1094 3431 1173 3496 arga
1199 3413 1232 3474 te
1261 3411 1480 3497 omnibusque

164 3517 325 3585 emeritis
349 3515 579 3598 comprobaro,
602 3514 671 3597 ipse
696 3537 746 3579 me
774 3515 941 3580 hominem
966 3538 1032 3580 non
1056 3515 1187 3600 putabo.
1233 3520 1284 3601 tu,
1314 3516 1360 3580 mi
1385 3517 1480 3602 Oppi,

200 3623 409 3690 conservabis
433 3642 576 3684 amorem
589 3623 693 3685 'tuum
716 3622 845 3686 -etsi
870 3643 958 3688 more
981 3621 1087 3708 magis
1115 3622 1177 3687 hoc
1201 3621 1332 3707 quidem
1360 3623 1480 3708 sen‘bo,

200 3753 297 3816 quam
322 3751 385 3813 quo
409 3732 442 3792 te
467 3728 703 3792 admonendum
727 3733 839 3812 putem
867 3764 904 3775 —
929 3750 1065 3814 meaque
1089 3724 1199 3793 omdla
1221 3728 1371 3794 tuebere:
1397 3752 1518 3816 quaero

199 3838 324 3901 tibine
353 3836 469 3921 ignota
497 3838 620 3917 essent,
643 3835 755 3898 Attico
784 3836 948 3920 mandavi3
976 3859 996 3900 a
1022 3857 1074 3900 me
1102 3839 1214 3900 autem
1243 3856 1318 3900 cum
1345 3837 1481 3921 paulum

203 3944 263 4009 otii
295 3942 384 4007 nacti
418 3942 551 4024 erimus,
583 3940 749 4005 uberiores
777 3941 907 4007 litteras
940 3946 1136 4027 exspectato.
1182 3940 1233 4006 Da
1267 3965 1417 4031 operam,
1444 3950 1481 4009 ut

200 4052 321 4114 valcas:
344 4049 406 4113 hoc
431 4048 511 4111 mihi
536 4048 662 4133 gratius
685 4047 790 4113 facere
814 4048 896 4112 nihil
920 4053 1023 4134 potes

289 4231 312 4279 2.
332 4224 461 4277 lubenter
481 4224 525 4289 M,
549 4242 598 4277 orn.
619 4222 680 4275 HD
702 4226 711 4292 ΙΙ
735 4229 757 4276 t.
777 4225 906 4292 leancep.
927 4240 977 4277 om.
996 4222 1032 4277 D.
1062 4242 1085 4277 o.
1101 4225 1192 4292 praef.
1212 4224 1328 4292 (habeat
1348 4227 1478 4280 (mami-

199 4298 270 4367 noti)
284 4299 293 4364 ll
309 4302 349 4349 14.
369 4295 438 4363 quid
457 4296 503 4363 M,
523 4294 598 4362 quod
617 4294 650 4347 Η
666 4298 675 4364 ΙΙ
695 4300 734 4348 18.
756 4293 828 4348 aliut
846 4293 960 4347 mallem
979 4294 1039 4362 Mn
1057 4299 1099 4346 23.
1120 4296 1149 4347 et
1168 4295 1303 4347 senserim
1323 4295 1370 4364 M,
1390 4313 1480 4351 senso·

199 4422 251 4475 rim
267 4421 300 4475 Η
312 4425 320 4487 ΙΙ
335 4426 377 4473 25.
398 4367 613 4486 etddonstantia,
629 4418 662 4471 dc
673 4437 690 4471 a
700 4437 733 4473 m.
746 4426 769 4480 1,
785 4420 823 4483 H,
839 4419 913 4472 etde
927 4417 1087 4472 constantia
1098 4418 1153 4485 ΜΙΙ
1167 4424 1209 4472 26.
1224 4420 1331 4490 totum]
1347 4421 1378 4473 et
1391 4422 1480 4474 toturn

202 4494 267 4546 ,IIII
279 4498 287 4560 ΙΙ
302 4498 344 4546 28,
364 4491 424 4560 ipse
443 4507 487 4544 mo
506 4490 648 4544 hominem
666 4506 722 4543 non
741 4491 783 4557 M,
803 4489 863 4559 ipse
882 4489 1023 4544 hominem
1042 4505 1086 4542 me
1105 4505 1161 4542 non
1176 4490 1286 4557 Η1129.
1307 4489 1361 4544 etsi
1377 4508 1479 4545 morem

200 4565 261 4631 agis
282 4565 327 4630 ar,
356 4561 408 4617 etsi
434 4579 527 4615 amore
552 4561 642 4632 magis
662 4561 695 4613 H
715 4564 724 4627 ΙΙ
747 4568 788 4614 31.
808 4578 843 4614 ne
862 4579 911 4615 om.
932 4561 966 4614 H
986 4563 995 4628 ll
1018 4566 1059 4612 32.
1080 4559 1217 4613 uberioris
1239 4563 1273 4613 M
1296 4565 1306 4630 ll
1329 4568 1372 4616 33.
1392 4566 1477 4632 potes.

200 4637 235 4690 E.
252 4635 358 4688 'IVLII
380 4633 568 4687 CICERONIS
593 4631 850 4685 EPISTVLARVM
873 4633 922 4684 AD
945 4630 1098 4684 BRVTVM
1121 4631 1168 4683 ΕΤ
1192 4631 1356 4687 CETEROS
1379 4632 1477 4686 EXPL.

202 4708 268 4760 Iro.
291 4708 338 4759 vll)
359 4707 386 4760 (Ἃ
403 4705 557 4759 CASSIVM
577 4703 622 4756 EI*
642 4703 717 4756 CET.
738 4702 926 4756 FELICITER
945 4704 993 4769 M,
1012 4709 1035 4757 et
1054 4705 1093 4757 sic
1111 4704 1167 4769 fore
1186 4703 1217 4754 H
