3286 5460
644 385 899 440 EPISTVLARVM
918 384 951 442 X.
971 391 1013 442 14.
1403 386 1468 452 265

191 550 293 634 bima,
321 554 397 616 octo
425 549 581 616 tironum,
625 551 674 617 ita
700 551 871 616 universus
895 551 1056 617 exercitus
1084 574 1218 617 numero
1247 552 1468 637 amplissimus

192 663 251 741 est,
274 657 430 723 firmitate
450 659 600 745 exiguus3
624 664 781 743 quantum
800 663 910 723 autem
934 659 968 723 in
993 660 1061 725 acie
1084 659 1184 724 tironi
1203 659 1247 724 sit
1266 659 1468 728 committen-

192 767 281 850 dum,
310 766 449 831 nimium
476 788 572 851 saepe
600 770 768 851 expertum
795 766 963 832 habemus.
1010 767 1135 832 adhoc
1159 769 1258 832 robur
1281 772 1502 832 nostrorumr

192 874 392 939 exercituum
411 874 478 939 sive
500 873 672 939 Africanus
692 872 862 959 exercitus,
883 875 938 959 qui
957 879 1008 939 est
1028 879 1209 958 veteranus,
1232 873 1300 939 sive
1319 871 1468 940 Caesaris

166 980 396 1066 successisset,
428 1003 532 1065 aequo
560 982 668 1046 animo
697 1003 858 1046 summam
886 1003 954 1046 rem
981 1005 1011 1066 p.
1040 981 1074 1045 in
1101 980 1274 1046 discrimen
1302 981 1469 1046 deducere·

192 1110 273 1153 mus.
319 1088 486 1172 aliquanto
520 1092 629 1153 autem
662 1089 795 1173 propius
828 1111 914 1168 esse,
948 1088 1035 1173 quod
1065 1089 1105 1152 ad
1136 1086 1308 1154 Caesarem
1341 1088 1468 1172 attinet,

193 1196 394 1260 videbamus:
422 1195 506 1260 nihil
532 1196 644 1260 destiti
669 1219 743 1260 eum
770 1195 891 1261 litteris
918 1195 1059 1282 hortari,
1086 1218 1188 1280 neque
1212 1194 1268 1259 ille
1291 1193 1469 1259 intermisit

193 1302 363 1367 adfirmare
387 1325 420 1367 se
445 1302 514 1367 sine
537 1324 629 1367 mora
651 1301 774 1388 venire,
804 1325 877 1367 cum
901 1303 1033 1367 interim
1056 1324 1204 1368 aversum
1227 1302 1319 1367 illum
1343 1303 1384 1368 ab
1408 1303 1469 1368 hac

194 1409 392 1495 cogitatione
416 1410 457 1475 ad
479 1409 545 1475 alia
567 1409 704 1476 consilia
722 1410 815 1475 video
839 1432 873 1474 se
897 1410 1082 1475 contulisse.
1122 1432 1183 1496 ego
1207 1414 1317 1474 tamen
1336 1410 1468 1475 adeum

155 1549 179 1586 ro
193 1516 351 1581 Furnium
374 1522 523 1582 nostrum
542 1541 615 1582 curn
634 1517 797 1582 mandatis
821 1517 1005 1602 litterisque
1029 1515 1113 1601 misi,
1136 1517 1165 1581 si
1189 1515 1265 1600 quid
1289 1516 1374 1581 forte
1398 1540 1470 1601 pro·

193 1624 288 1689 ficere
307 1628 426 1708 posset.
470 1624 533 1690 scis
557 1628 603 1709 tu,
626 1625 671 1690 mi
691 1623 814 1710 Cicero,
837 1624 924 1710 qnod
943 1625 983 1689 ad
1003 1622 1152 1690 Caesaris
1177 1645 1321 1689 amorem
1341 1624 1470 1708 attinet,
1489 1640 1504 1688 s

193 1729 384 1796 societatem
403 1730 484 1794 mihi
508 1753 578 1795 esse
602 1736 719 1815 tecum,
743 1732 792 1795 vel
816 1731 902 1816 quod
927 1732 960 1795 in
984 1729 1208 1796 familiaritate
1228 1728 1376 1796 Caesaris
1396 1731 1469 1796 vivo

192 1837 251 1902 illo
280 1837 345 1902 iam
373 1836 459 1902 tueri
487 1859 560 1902 eum
589 1841 622 1903 et
652 1838 787 1923 diligere
814 1836 879 1902 fuit
909 1836 989 1901 mihi
1019 1859 1163 1921 necesse,
1196 1837 1246 1901 vel
1278 1837 1363 1921 quod
1391 1838 1470 1922 ipse,

194 1944 301 2029 quoad
325 1965 386 2030 ego
409 1966 504 2010 nosse
528 1946 635 2029 potui,
662 1944 914 2010 moderatissimi
944 1949 1041 2029 atque
1064 1943 1292 2009 humanissimi
1315 1943 1378 2008 fuit
1401 1967 1470 2009 sen-

155 2080 180 2120 a
194 2072 258 2134 sus,
283 2051 333 2116 vel
358 2051 443 2136 quod
467 2074 505 2116 ex
529 2055 597 2116 tam
621 2051 742 2138 insigni
761 2050 907 2116 amicitia
926 2073 998 2116 mea
1017 2057 1114 2136 atque
1134 2048 1282 2116 Caesaris
1305 2051 1390 2116 hunc
1409 2052 1470 2116 filii

194 2158 267 2223 loco
294 2162 328 2223 st
358 2157 449 2223 illius
479 2163 512 2224 et
545 2163 653 2225 vestro
687 2159 805 2224 iudicio
839 2159 1055 2244 supstitntum
1086 2180 1153 2224 non
1185 2159 1320 2244 proinde
1353 2158 1473 2224 habere
1569 2242 1572 2250 Δ

195 2269 290 2349 turpe
317 2264 398 2330 mihi
426 2266 563 2332 videtur.
610 2266 666 2332 sed
689 2304 734 2314 -
756 2266 909 2351 quicquid
937 2266 999 2331 tibi
1027 2265 1150 2349 scribo,
1178 2265 1326 2331 dolenter
1353 2264 1510 2331 mehor-s

196 2372 283 2437 cules
307 2372 414 2459 magis
434 2395 531 2457 quam
551 2373 680 2439 inimice
704 2373 789 2439 facio
808 2410 853 2419 -
872 2372 958 2457 quod
976 2372 1059 2436 vivit
1076 2370 1242 2437 Antonius
1260 2372 1365 2458 hodie,
1390 2372 1476 2457 quod

195 2477 336 2564 Lepidus
359 2503 424 2544 una
447 2485 506 2565 est,
531 2481 616 2566 quod
637 2480 797 2546 exercitus
818 2480 969 2565 [habent]
989 2502 1054 2545 non
1074 2479 1326 2544 contemnendos
1344 2478 1476 2564 habent,

154 2617 182 2656 ao
196 2588 282 2672 qnod
305 2593 449 2672 sperant,
471 2589 557 2672 qnod
582 2588 711 2671 audent,
736 2610 829 2652 omne
850 2585 981 2652 Caesari
1000 2591 1170 2671 acceptum
1189 2585 1309 2651 referre
1328 2591 1476 2670 possunt.

197 2717 299 2780 neque
323 2716 385 2780 ego
409 2695 576 2780 superiora
605 2701 763 2781 repetam3
793 2694 863 2779 sed,
891 2716 991 2759 exeo
1016 2697 1176 2778 tempore,
1204 2716 1268 2778 quo
1296 2692 1367 2778 ipse
1395 2693 1474 2758 mihi

196 2801 362 2885 professus
394 2807 445 2867 est
472 2823 506 2866 se
536 2801 660 2884 venire,
693 2802 720 2866 si
754 2801 863 2865 venire
896 2800 1068 2885 voluisset,
1101 2805 1158 2866 aut
1190 2822 1382 2885 oppressum
1411 2801 1476 2865 iam

197 2909 316 2973 bellurn
346 2915 433 2974 esset
461 2913 517 2973 aut
541 2909 575 2972 in
599 2909 839 2973 aversissimam
867 2907 933 2972 illis
957 2907 1151 2991 Hispaniam
1179 2930 1253 2973 cnm
1280 2908 1475 2973 detrimento

197 3037 308 3080 eornm
337 3016 477 3081 maximo
508 3019 684 3081 extrusum.
731 3037 813 3099 quae
838 3037 929 3080 mens
953 3037 1026 3080 eum
1050 3019 1107 3079 aut
1131 3038 1269 3100 qnorum
1298 3013 1477 3080 consiliaa

157 3148 184 3189 rs
199 3127 291 3188 tanta
313 3123 433 3208 gloria,
457 3123 518 3187 sibi
543 3144 619 3188 vero
643 3123 743 3187 etiam
766 3122 949 3188 necessaria
972 3145 1009 3188 ac
1032 3122 1183 3206 salutari,
1211 3123 1357 3188 avocarit
1381 3127 1414 3188 et
1437 3123 1476 3187 ad

198 3231 432 3316 cogitationem
456 3231 643 3295 consulatus
663 3229 829 3294 bimestris
853 3251 979 3294 summo
1004 3252 1077 3294 cum
1102 3234 1225 3295 terrore
1249 3229 1420 3299 hominum
1443 3234 1478 3293 et

198 3337 322 3402 insulsa
345 3360 418 3403 cum
443 3337 678 3422 efflagitatione
703 3336 923 3419 transtulerit,
946 3341 1101 3419 exputare
1125 3358 1191 3402 non
1214 3359 1356 3421 possum.
1398 3336 1478 3401 mul·
1498 3354 1512 3401 1

199 3449 268 3509 tum
300 3445 334 3509 in
366 3445 428 3510 hac
458 3466 492 3509 re
522 3443 603 3508 mihi
635 3443 785 3507 videntur
817 3443 991 3509 necessarii
1023 3443 1092 3508 eius
1121 3447 1154 3507 et
1181 3443 1227 3506 rei
1256 3466 1285 3525 p.
1314 3447 1347 3507 et
1374 3443 1477 3527 ipsius

199 3573 296 3616 causa
315 3552 471 3637 proficere
490 3572 594 3635 posse,
613 3551 799 3637 plurimum,
820 3555 856 3615 ut
874 3556 965 3636 puto,
988 3556 1024 3615 tu
1044 3572 1181 3636 quoque,
1200 3550 1290 3614 cuius
1311 3549 1365 3614 ille
1385 3553 1478 3613 tanta

161 3659 315 3722 emerita
338 3658 451 3741 habet,
479 3661 602 3742 quanta
626 3679 720 3722 nemo
748 3661 877 3742 praeter
901 3679 966 3742 me;
992 3679 1169 3741 numquam
1193 3657 1278 3720 enim
1304 3655 1478 3721 obliviscar

199 3765 339 3829 maxima
362 3786 400 3830 ac
423 3765 565 3849 plurima
588 3787 639 3829 me
664 3765 725 3828 tibi
750 3765 873 3829 debere.
916 3764 954 3828 de
978 3763 1030 3828 his
1054 3764 1151 3828 rebus
1175 3767 1213 3827 nt
1236 3763 1381 3848 exigeret
1403 3785 1477 3828 cum

198 3894 249 3954 eo,
278 3871 399 3936 llurnio
429 3871 591 3936 mandavi:
622 3870 707 3955 quod
731 3870 772 3952 si,
804 3875 959 3953 quantam
983 3871 1097 3955 debeo,
1125 3870 1270 3935 habuero
1295 3872 1379 3955 apud
1403 3893 1476 3935 eum

199 3978 437 4063 auctoritatem,
456 3978 633 4063 plurimum
652 3979 760 4062 ipsum
779 3977 879 4042 iuero.
919 3999 979 4042 nos
999 3978 1124 4042 interea
1142 3977 1271 4042 duriore
1291 3977 1477 4042 condicione
1497 3995 1513 4043 8

199 4086 321 4151 bellum
349 4087 562 4169 anatinam,
594 4072 680 4170 quod
710 4107 813 4169 neque
845 4085 1120 4169 expeditissimam
1152 4083 1394 4149 dimicationem
1423 4107 1478 4168 pu·

288 4287 312 4334 4.
332 4279 437 4334 exercit
439 4296 470 4333 us
489 4297 540 4333 om.
561 4279 594 4332 H
608 4281 663 4348 )16
683 4277 830 4346 aliquanto
849 4280 890 4346 M,
911 4277 1064 4346 aliquando
1083 4278 1144 4332 HD
1157 4281 1166 4348 ss
1180 4277 1256 4346 quod
1275 4277 1311 4330 ad
1331 4276 1478 4332 Caesarem

200 4350 303 4406 attinet
324 4352 429 4406 retinui
451 4368 512 4406 cum
533 4351 680 4418 Klotzio(
721 4352 812 4420 aefip
814 4323 932 4418 .Llll²).
967 4350 1041 4432 quod
1066 4348 1215 4404 Caesarem
1238 4348 1331 4404 Stroth
1354 4349 1479 4418 alligaret

202 4426 241 4478 17
263 4427 304 4476 18
323 4422 481 4476 mehercule
500 4439 535 4477 ec
551 4353 812 4476 meherculihp
743 4421 789 4474 Μι
807 4424 848 4476 vel
868 4421 940 4490 ΜΟ)
955 4427 995 4475 19
1015 4421 1061 4491 iep
1061 4419 1125 4474 idus
1145 4422 1182 4475 M
1192 4420 1321 4489 {thabent
1340 4423 1371 4474 in
1393 4423 1423 4472 Ψ
1439 4422 1479 4474 bis

199 4496 550 4633 11111111
572 4497 581 4562 '⁴
604 4499 646 4547 2⁰
661 4509 782 4633 10Ἳῖ
790 4491 1265 4629 ttbtdtttttdhl
1283 4490 1480 4618 11111*

326 4583 338 4618 s
494 4584 522 4619 m
540 4584 573 4619 ns
597 4583 647 4620 orn.

199 4636 317 4691 tulerint
335 4638 387 4691 alii
405 4641 415 4707 fl
436 4642 478 4692 16.
497 4636 639 4691 bimestris
660 4635 832 4703 (bimenstris
852 4637 898 4703 Η)
889 4637 910 4707 )]
930 4633 1165 4704 quinquemestris
1185 4636 1226 4688 Μ
1226 4636 1334 4689 instrue
1352 4640 1377 4688 et
1397 4633 1479 4688 (1.1.

200 4709 321 4764 Schrrridt
310 4710 416 4776 t.(ann
434 4710 503 4778 plui.
520 4714 589 4763 1890
604 4727 634 4778 p.
650 4713 709 4770 119
727 4710 777 4775 17),
798 4715 874 4775 recte,
893 4716 924 4763 ut
937 4710 1002 4774 ord
1021 4705 1162 4760 semestris
1179 4706 1274 4776 lunpc
1293 4707 1339 4774 (r.
1352 4705 1477 4760 Altertb’

199 4780 471 4849 111²p543‚1s))u
494 4785 537 4836 31
557 4779 704 4850 quantam]
724 4780 861 4846 quantum
885 4782 942 4848 Ψ)
966 4784 1007 4834 33.
1028 4778 1105 4833 iuero
1125 4778 1166 4845 M,
1186 4779 1265 4831 tuero
1283 4777 1321 4846 D,
1341 4779 1421 4831 tueor
1440 4776 1478 4830 Η

200 4850 331 4908 inustos
