<?xml version="1.0" encoding="UTF-8"?>
<!DOCTYPE html PUBLIC "-//W3C//DTD XHTML 1.0 Transitional//EN"
    "http://www.w3.org/TR/xhtml1/DTD/xhtml1-transitional.dtd">
<html xmlns="http://www.w3.org/1999/xhtml" xml:lang="en" lang="en">
 <head>
  <title>
</title>
<meta http-equiv="Content-Type" content="text/html;charset=utf-8" />
  <meta name='ocr-system' content='tesseract 3.04.00' />
  <meta name='ocr-capabilities' content='ocr_page ocr_carea ocr_par ocr_line ocrx_word'/>
</head>
<body>
  <div class='ocr_page' id='page_1' title='image "./mtulliciceronis00koergoog_0109.png"; bbox 0 0 3286 5460; ppageno 0'>
   <div class='ocr_carea' id='block_1_1' title="bbox 107 382 928 448">
    <p class='ocr_par' dir='ltr' id='par_1_1' title="bbox 107 382 928 448">
     <span class='ocr_line' id='line_1_1' title="bbox 107 382 928 448; baseline -0.013 0"><span class='ocrx_word' id='word_1_1' title='bbox 107 386 149 448; x_wconf 77' lang='lat' dir='ltr'>lO</span> <span class='ocrx_word' id='word_1_2' title='bbox 558 383 595 437; x_wconf 85' lang='lat' dir='ltr'>M.</span> <span class='ocrx_word' id='word_1_3' title='bbox 614 383 720 437; x_wconf 86' lang='lat' dir='ltr'>TVLLI</span> <span class='ocrx_word' id='word_1_4' title='bbox 739 382 928 438; x_wconf 82' lang='lat' dir='ltr'>CICERONIS</span> 
     </span>
    </p>
   </div>
   <div class='ocr_carea' id='block_1_2' title="bbox 58 545 1423 1699">
    <p class='ocr_par' dir='ltr' id='par_1_2' title="bbox 106 545 1385 844">
     <span class='ocr_line' id='line_1_2' title="bbox 106 545 1385 632; baseline -0.002 -20"><span class='ocrx_word' id='word_1_5' title='bbox 106 571 180 613; x_wconf 90' lang='lat' dir='ltr'>cum</span> <span class='ocrx_word' id='word_1_6' title='bbox 200 547 392 632; x_wconf 86' lang='lat' dir='ltr'>praesertim</span> <span class='ocrx_word' id='word_1_7' title='bbox 412 569 466 612; x_wconf 92' lang='lat' dir='ltr'>eas</span> <span class='ocrx_word' id='word_1_8' title='bbox 490 546 529 610; x_wconf 85' lang='lat' dir='ltr'>ad</span> <span class='ocrx_word' id='word_1_9' title='bbox 553 569 604 611; x_wconf 91' lang='lat' dir='ltr'>me</span> <span class='ocrx_word' id='word_1_10' title='bbox 628 547 656 611; x_wconf 91' lang='lat' dir='ltr'>is</span> <span class='ocrx_word' id='word_1_11' title='bbox 679 547 806 611; x_wconf 74' lang='lat' dir='ltr'>litteras</span> <span class='ocrx_word' id='word_1_12' title='bbox 830 546 966 631; x_wconf 75' lang='lat' dir='ltr'>miserit,</span> <span class='ocrx_word' id='word_1_13' title='bbox 992 547 1119 632; x_wconf 87' lang='lat' dir='ltr'>quibua,</span> <span class='ocrx_word' id='word_1_14' title='bbox 1138 546 1238 611; x_wconf 90' lang='lat' dir='ltr'>etiam</span> <span class='ocrx_word' id='word_1_15' title='bbox 1261 546 1291 611; x_wconf 89' lang='lat' dir='ltr'>si</span> <span class='ocrx_word' id='word_1_16' title='bbox 1315 545 1385 631; x_wconf 91' lang='lat' dir='ltr'>tibi,</span> 
     </span>
     <span class='ocr_line' id='line_1_3' title="bbox 107 653 1383 743; baseline -0.002 -24"><span class='ocrx_word' id='word_1_17' title='bbox 107 655 160 719; x_wconf 86' lang='lat' dir='ltr'>cui</span> <span class='ocrx_word' id='word_1_18' title='bbox 184 676 256 719; x_wconf 91' lang='lat' dir='ltr'>sum</span> <span class='ocrx_word' id='word_1_19' title='bbox 284 653 515 743; x_wconf 84' lang='lat' dir='ltr'>amicissimus,</span> <span class='ocrx_word' id='word_1_20' title='bbox 541 653 646 718; x_wconf 89' lang='lat' dir='ltr'>hostis</span> <span class='ocrx_word' id='word_1_21' title='bbox 677 674 794 738; x_wconf 88' lang='lat' dir='ltr'>essem,</span> <span class='ocrx_word' id='word_1_22' title='bbox 826 654 974 739; x_wconf 91' lang='lat' dir='ltr'>placarer</span> <span class='ocrx_word' id='word_1_23' title='bbox 1001 656 1111 718; x_wconf 84' lang='lat' dir='ltr'>tamen</span> <span class='ocrx_word' id='word_1_24' title='bbox 1133 656 1307 738; x_wconf 88' lang='lat' dir='ltr'>totumque</span> <span class='ocrx_word' id='word_1_25' title='bbox 1334 674 1383 717; x_wconf 90' lang='lat' dir='ltr'>me</span> 
     </span>
     <span class='ocr_line' id='line_1_4' title="bbox 108 760 1383 844; baseline -0.002 -18"><span class='ocrx_word' id='word_1_26' title='bbox 108 762 148 826; x_wconf 85' lang='lat' dir='ltr'>ad</span> <span class='ocrx_word' id='word_1_27' title='bbox 176 760 246 825; x_wconf 89' lang='lat' dir='ltr'>eius</span> <span class='ocrx_word' id='word_1_28' title='bbox 273 760 336 824; x_wconf 86' lang='lat' dir='ltr'>viri</span> <span class='ocrx_word' id='word_1_29' title='bbox 363 760 411 824; x_wconf 91' lang='lat' dir='ltr'>ita</span> <span class='ocrx_word' id='word_1_30' title='bbox 434 762 472 824; x_wconf 88' lang='lat' dir='ltr'>de</span> <span class='ocrx_word' id='word_1_31' title='bbox 496 783 547 824; x_wconf 91' lang='lat' dir='ltr'>me</span> <span class='ocrx_word' id='word_1_32' title='bbox 575 760 683 825; x_wconf 89' lang='lat' dir='ltr'>meriti</span> <span class='ocrx_word' id='word_1_33' title='bbox 712 760 916 826; x_wconf 83' lang='lat' dir='ltr'>voluntatem</span> <span class='ocrx_word' id='word_1_34' title='bbox 946 763 1126 844; x_wconf 87' lang='lat' dir='ltr'>nutumque</span> <span class='ocrx_word' id='word_1_35' title='bbox 1154 762 1383 824; x_wconf 68' lang='lat' dir='ltr'>converterem.</span> 
     </span>
    </p>

    <p class='ocr_par' dir='ltr' id='par_1_3' title="bbox 58 865 1423 1699">
     <span class='ocr_line' id='line_1_5' title="bbox 58 865 1384 952; baseline -0.002 -19"><span class='ocrx_word' id='word_1_36' title='bbox 58 887 88 933; x_wconf 89' lang='lat'>11</span> <span class='ocrx_word' id='word_1_37' title='bbox 110 869 166 933; x_wconf 90' lang='lat' dir='ltr'>sed</span> <span class='ocrx_word' id='word_1_38' title='bbox 199 868 278 932; x_wconf 89' lang='lat' dir='ltr'>haec</span> <span class='ocrx_word' id='word_1_39' title='bbox 310 867 483 952; x_wconf 84' lang='lat' dir='ltr'>hactenus3</span> <span class='ocrx_word' id='word_1_40' title='bbox 518 867 667 951; x_wconf 90' lang='lat' dir='ltr'>pluribus</span> <span class='ocrx_word' id='word_1_41' title='bbox 699 866 785 932; x_wconf 91' lang='lat' dir='ltr'>enim</span> <span class='ocrx_word' id='word_1_42' title='bbox 822 869 922 933; x_wconf 87' lang='lat' dir='ltr'>etiam</span> <span class='ocrx_word' id='word_1_43' title='bbox 954 867 1094 933; x_wconf 84' lang='lat' dir='ltr'>fortasse</span> <span class='ocrx_word' id='word_1_44' title='bbox 1127 865 1253 952; x_wconf 81' lang='lat' dir='ltr'>verbis,</span> <span class='ocrx_word' id='word_1_45' title='bbox 1288 887 1384 949; x_wconf 90' lang='lat' dir='ltr'>quam</span> 
     </span>
     <span class='ocr_line' id='line_1_6' title="bbox 107 960 1421 1060; baseline -0.005 -20"><span class='ocrx_word' id='word_1_46' title='bbox 107 996 238 1040; x_wconf 84' lang='lat' dir='ltr'>neeesse</span> <span class='ocrx_word' id='word_1_47' title='bbox 265 973 342 1059; x_wconf 82' lang='lat' dir='ltr'>fuit,</span> <span class='ocrx_word' id='word_1_48' title='bbox 370 974 493 1059; x_wconf 88' lang='lat' dir='ltr'>scripta</span> <span class='ocrx_word' id='word_1_49' title='bbox 520 978 609 1040; x_wconf 90' lang='lat' dir='ltr'>sunt:</span> <span class='ocrx_word' id='word_1_50' title='bbox 637 960 722 1040; x_wconf 79' lang='lat' dir='ltr'>dunc</span> <span class='ocrx_word' id='word_1_51' title='bbox 750 997 802 1060; x_wconf 92' lang='lat' dir='ltr'>ea,</span> <span class='ocrx_word' id='word_1_52' title='bbox 829 998 911 1059; x_wconf 87' lang='lat' dir='ltr'>quae</span> <span class='ocrx_word' id='word_1_53' title='bbox 939 998 959 1039; x_wconf 87' lang='lat' dir='ltr'>a</span> <span class='ocrx_word' id='word_1_54' title='bbox 986 996 1037 1040; x_wconf 93' lang='lat' dir='ltr'>me</span> <span class='ocrx_word' id='word_1_55' title='bbox 1064 972 1212 1059; x_wconf 86' lang='lat' dir='ltr'>profecta</span> <span class='ocrx_word' id='word_1_56' title='bbox 1239 993 1421 1058; x_wconf 73' lang='lat' dir='ltr'>quaequae</span> 
     </span>
     <span class='ocr_line' id='line_1_7' title="bbox 107 1081 1385 1167; baseline -0.005 -20"><span class='ocrx_word' id='word_1_57' title='bbox 107 1081 260 1147; x_wconf 89' lang='lat' dir='ltr'>instituta</span> <span class='ocrx_word' id='word_1_58' title='bbox 290 1081 373 1166; x_wconf 91' lang='lat' dir='ltr'>sint,</span> <span class='ocrx_word' id='word_1_59' title='bbox 403 1102 571 1167; x_wconf 85' lang='lat' dir='ltr'>cognosce.</span> <span class='ocrx_word' id='word_1_60' title='bbox 616 1103 633 1141; x_wconf 72' lang='lat' dir='ltr'>a</span> <span class='ocrx_word' id='word_1_61' title='bbox 678 1103 696 1141; x_wconf 66' lang='lat' dir='ltr'>e</span> <span class='ocrx_word' id='word_1_62' title='bbox 741 1104 759 1142; x_wconf 68' lang='lat' dir='ltr'>a</span> <span class='ocrx_word' id='word_1_63' title='bbox 804 1103 821 1143; x_wconf 69' lang='lat' dir='ltr'>a</span> <span class='ocrx_word' id='word_1_64' title='bbox 865 1102 884 1143; x_wconf 68' lang='lat' dir='ltr'>r</span> <span class='ocrx_word' id='word_1_65' title='bbox 929 1104 947 1142; x_wconf 70' lang='lat' dir='ltr'>e</span> <span class='ocrx_word' id='word_1_66' title='bbox 991 1104 1009 1142; x_wconf 66' lang='lat' dir='ltr'>e</span> <span class='ocrx_word' id='word_1_67' title='bbox 1054 1104 1072 1142; x_wconf 71' lang='lat' dir='ltr'>e</span> <span class='ocrx_word' id='word_1_68' title='bbox 1116 1103 1134 1141; x_wconf 63' lang='lat' dir='ltr'>a</span> <span class='ocrx_word' id='word_1_69' title='bbox 1179 1103 1196 1142; x_wconf 69' lang='lat' dir='ltr'>s</span> <span class='ocrx_word' id='word_1_70' title='bbox 1241 1101 1260 1142; x_wconf 71' lang='lat' dir='ltr'>a</span> <span class='ocrx_word' id='word_1_71' title='bbox 1306 1102 1325 1142; x_wconf 70' lang='lat' dir='ltr'>:r</span> <span class='ocrx_word' id='word_1_72' title='bbox 1369 1104 1385 1141; x_wconf 65' lang='lat' dir='ltr'>e</span> 
     </span>
     <span class='ocr_line' id='line_1_8' title="bbox 107 1186 1386 1274; baseline -0.002 -21"><span class='ocrx_word' id='word_1_73' title='bbox 107 1193 205 1272; x_wconf 89' lang='lat' dir='ltr'>atque</span> <span class='ocrx_word' id='word_1_74' title='bbox 228 1188 308 1252; x_wconf 89' lang='lat' dir='ltr'>haec</span> <span class='ocrx_word' id='word_1_75' title='bbox 331 1187 460 1273; x_wconf 81' lang='lat' dir='ltr'><strong>agimus</strong></span> <span class='ocrx_word' id='word_1_76' title='bbox 484 1192 518 1252; x_wconf 88' lang='lat' dir='ltr'>et</span> <span class='ocrx_word' id='word_1_77' title='bbox 541 1209 674 1273; x_wconf 78' lang='lat' dir='ltr'><strong>agemus</strong></span> <span class='ocrx_word' id='word_1_78' title='bbox 699 1188 805 1274; x_wconf 88' lang='lat' dir='ltr'>magis</span> <span class='ocrx_word' id='word_1_79' title='bbox 828 1210 889 1273; x_wconf 89' lang='lat' dir='ltr'>pro</span> <span class='ocrx_word' id='word_1_80' title='bbox 918 1187 1077 1274; x_wconf 82' lang='lat' dir='ltr'>dignitate</span> <span class='ocrx_word' id='word_1_81' title='bbox 1100 1209 1198 1271; x_wconf 91' lang='lat' dir='ltr'>quam</span> <span class='ocrx_word' id='word_1_82' title='bbox 1222 1209 1282 1271; x_wconf 90' lang='lat' dir='ltr'>pro</span> <span class='ocrx_word' id='word_1_83' title='bbox 1305 1186 1386 1272; x_wconf 86' lang='lat' dir='ltr'>peri·</span> 
     </span>
     <span class='ocr_line' id='line_1_9' title="bbox 108 1293 1386 1380; baseline -0.002 -20"><span class='ocrx_word' id='word_1_84' title='bbox 108 1295 181 1360; x_wconf 91' lang='lat' dir='ltr'>culo</span> <span class='ocrx_word' id='word_1_85' title='bbox 205 1298 276 1375; x_wconf 78' lang='lat' dir='ltr'>tu03</span> <span class='ocrx_word' id='word_1_86' title='bbox 304 1297 337 1358; x_wconf 89' lang='lat' dir='ltr'>te</span> <span class='ocrx_word' id='word_1_87' title='bbox 361 1294 460 1378; x_wconf 88' lang='lat' dir='ltr'>enim,</span> <span class='ocrx_word' id='word_1_88' title='bbox 488 1298 526 1358; x_wconf 92' lang='lat' dir='ltr'>ut</span> <span class='ocrx_word' id='word_1_89' title='bbox 549 1316 657 1380; x_wconf 91' lang='lat' dir='ltr'>spero,</span> <span class='ocrx_word' id='word_1_90' title='bbox 683 1295 872 1379; x_wconf 82' lang='lat' dir='ltr'>propediem</span> <span class='ocrx_word' id='word_1_91' title='bbox 896 1316 1064 1361; x_wconf 82' lang='lat' dir='ltr'>censorem</span> <span class='ocrx_word' id='word_1_92' title='bbox 1085 1293 1267 1377; x_wconf 81' lang='lat' dir='ltr'>audiemus,</span> <span class='ocrx_word' id='word_1_93' title='bbox 1296 1293 1386 1359; x_wconf 87' lang='lat' dir='ltr'>ouius</span> 
     </span>
     <span class='ocr_line' id='line_1_10' title="bbox 110 1399 1387 1487; baseline -0.001 -22"><span class='ocrx_word' id='word_1_94' title='bbox 110 1401 323 1487; x_wconf 84' lang='lat' dir='ltr'>magistratus</span> <span class='ocrx_word' id='word_1_95' title='bbox 357 1400 479 1485; x_wconf 84' lang='lat' dir='ltr'>officia,</span> <span class='ocrx_word' id='word_1_96' title='bbox 512 1424 593 1485; x_wconf 89' lang='lat' dir='ltr'>quae</span> <span class='ocrx_word' id='word_1_97' title='bbox 626 1406 703 1467; x_wconf 89' lang='lat' dir='ltr'>sunt</span> <span class='ocrx_word' id='word_1_98' title='bbox 736 1402 870 1468; x_wconf 84' lang='lat' dir='ltr'>maximi</span> <span class='ocrx_word' id='word_1_99' title='bbox 903 1401 1003 1466; x_wconf 90' lang='lat' dir='ltr'>animi</span> <span class='ocrx_word' id='word_1_100' title='bbox 1036 1399 1218 1485; x_wconf 86' lang='lat' dir='ltr'>summique</span> <span class='ocrx_word' id='word_1_101' title='bbox 1248 1400 1387 1483; x_wconf 86' lang='lat' dir='ltr'>consilii,</span> 
     </span>
     <span class='ocr_line' id='line_1_11' title="bbox 110 1506 1423 1594; baseline -0.003 -23"><span class='ocrx_word' id='word_1_102' title='bbox 110 1508 169 1571; x_wconf 92' lang='lat' dir='ltr'>tibi</span> <span class='ocrx_word' id='word_1_103' title='bbox 199 1506 387 1592; x_wconf 92' lang='lat' dir='ltr'>diligentius</span> <span class='ocrx_word' id='word_1_104' title='bbox 415 1512 448 1571; x_wconf 87' lang='lat' dir='ltr'>et</span> <span class='ocrx_word' id='word_1_105' title='bbox 475 1509 657 1574; x_wconf 82' lang='lat' dir='ltr'>accuratius</span> <span class='ocrx_word' id='word_1_106' title='bbox 687 1532 784 1593; x_wconf 90' lang='lat' dir='ltr'>quam</span> <span class='ocrx_word' id='word_1_107' title='bbox 811 1510 904 1594; x_wconf 88' lang='lat' dir='ltr'>haec,</span> <span class='ocrx_word' id='word_1_108' title='bbox 936 1530 1018 1593; x_wconf 90' lang='lat' dir='ltr'>quae</span> <span class='ocrx_word' id='word_1_109' title='bbox 1046 1529 1106 1573; x_wconf 85' lang='lat' dir='ltr'>nos</span> <span class='ocrx_word' id='word_1_110' title='bbox 1130 1508 1168 1572; x_wconf 91' lang='lat' dir='ltr'>de</span> <span class='ocrx_word' id='word_1_111' title='bbox 1192 1511 1225 1572; x_wconf 88' lang='lat' dir='ltr'>te</span> <span class='ocrx_word' id='word_1_112' title='bbox 1249 1506 1388 1593; x_wconf 86' lang='lat' dir='ltr'>agimus,</span> <span class='ocrx_word' id='word_1_113' title='bbox 1401 1528 1423 1567; x_wconf 83' lang='lat' dir='ltr'>a</span> 
     </span>
     <span class='ocr_line' id='line_1_12' title="bbox 111 1613 524 1699; baseline -0.002 -20"><span class='ocrx_word' id='word_1_114' title='bbox 111 1613 285 1699; x_wconf 87' lang='lat' dir='ltr'>cogitanda</span> <span class='ocrx_word' id='word_1_115' title='bbox 308 1634 378 1678; x_wconf 87' lang='lat' dir='ltr'>esse</span> <span class='ocrx_word' id='word_1_116' title='bbox 402 1635 524 1678; x_wconf 86' lang='lat' dir='ltr'>censeo.</span> 
     </span>
    </p>
   </div>
   <div class='ocr_carea' id='block_1_3' title="bbox 168 1809 1332 2057">
    <p class='ocr_par' dir='ltr' id='par_1_4' title="bbox 168 1809 1332 2057">
     <span class='ocr_line' id='line_1_13' title="bbox 651 1809 847 1897; baseline 0.015 -22"><span class='ocrx_word' id='word_1_117' title='bbox 651 1810 705 1876; x_wconf 83' lang='lat' dir='ltr'>xi.</span> <span class='ocrx_word' id='word_1_118' title='bbox 743 1809 847 1897; x_wconf 82' lang='lat'><strong>(133.)</strong></span> 
     </span>
     <span class='ocr_line' id='line_1_14' title="bbox 168 1967 1332 2057; baseline -0.002 -22"><span class='ocrx_word' id='word_1_119' title='bbox 168 1967 328 2036; x_wconf 77' lang='lat' dir='ltr'>oroneo</span> <span class='ocrx_word' id='word_1_120' title='bbox 351 1967 481 2034; x_wconf 77' lang='lat' dir='ltr'>Arrio</span> <span class='ocrx_word' id='word_1_121' title='bbox 506 1970 729 2055; x_wconf 79' lang='lat' dir='ltr'>rvtonrm,</span> <span class='ocrx_word' id='word_1_122' title='bbox 752 1971 811 2037; x_wconf 85' lang='lat' dir='ltr'>vr</span> <span class='ocrx_word' id='word_1_123' title='bbox 835 1970 991 2057; x_wconf 73' lang='lat' dir='ltr'>sparte,</span> <span class='ocrx_word' id='word_1_124' title='bbox 1019 1967 1211 2037; x_wconf 75' lang='lat' dir='ltr'>censoru</span> <span class='ocrx_word' id='word_1_125' title='bbox 1237 1968 1268 2034; x_wconf 88' lang='lat' dir='ltr'>s.</span> <span class='ocrx_word' id='word_1_126' title='bbox 1292 1968 1332 2034; x_wconf 89' lang='lat' dir='ltr'>n.</span> 
     </span>
    </p>
   </div>
   <div class='ocr_carea' id='block_1_4' title="bbox 77 2110 1439 4012">
    <p class='ocr_par' dir='ltr' id='par_1_5' title="bbox 77 2110 1425 3267">
     <span class='ocr_line' id='line_1_15' title="bbox 77 2110 1390 2199; baseline -0.004 -20"><span class='ocrx_word' id='word_1_127' title='bbox 77 2132 89 2179; x_wconf 95' lang='lat'>1</span> <span class='ocrx_word' id='word_1_128' title='bbox 199 2112 282 2177; x_wconf 80' lang='lat' dir='ltr'>Cum</span> <span class='ocrx_word' id='word_1_129' title='bbox 305 2135 410 2178; x_wconf 88' lang='lat' dir='ltr'>essem</span> <span class='ocrx_word' id='word_1_130' title='bbox 434 2114 467 2177; x_wconf 89' lang='lat' dir='ltr'>in</span> <span class='ocrx_word' id='word_1_131' title='bbox 491 2114 607 2179; x_wconf 89' lang='lat' dir='ltr'>castris</span> <span class='ocrx_word' id='word_1_132' title='bbox 627 2115 666 2179; x_wconf 91' lang='lat' dir='ltr'>ad</span> <span class='ocrx_word' id='word_1_133' title='bbox 686 2115 820 2181; x_wconf 84' lang='lat' dir='ltr'>fluvium</span> <span class='ocrx_word' id='word_1_134' title='bbox 841 2114 1027 2199; x_wconf 82' lang='lat' dir='ltr'>Pyramum,</span> <span class='ocrx_word' id='word_1_135' title='bbox 1050 2113 1194 2178; x_wconf 80' lang='lat' dir='ltr'>redditae</span> <span class='ocrx_word' id='word_1_136' title='bbox 1214 2110 1295 2176; x_wconf 90' lang='lat' dir='ltr'>mihi</span> <span class='ocrx_word' id='word_1_137' title='bbox 1314 2114 1390 2175; x_wconf 88' lang='lat' dir='ltr'>sunt</span> 
     </span>
     <span class='ocr_line' id='line_1_16' title="bbox 111 2217 1425 2306; baseline -0.005 -20"><span class='ocrx_word' id='word_1_138' title='bbox 111 2245 174 2286; x_wconf 89' lang='lat' dir='ltr'>uuo</span> <span class='ocrx_word' id='word_1_139' title='bbox 204 2226 349 2305; x_wconf 90' lang='lat' dir='ltr'>tempore</span> <span class='ocrx_word' id='word_1_140' title='bbox 377 2242 397 2284; x_wconf 90' lang='lat' dir='ltr'>a</span> <span class='ocrx_word' id='word_1_141' title='bbox 424 2224 457 2284; x_wconf 88' lang='lat' dir='ltr'>te</span> <span class='ocrx_word' id='word_1_142' title='bbox 486 2221 645 2304; x_wconf 86' lang='lat' dir='ltr'>epistolae</span> <span class='ocrx_word' id='word_1_143' title='bbox 673 2222 768 2306; x_wconf 89' lang='lat' dir='ltr'>duae,</span> <span class='ocrx_word' id='word_1_144' title='bbox 793 2244 879 2306; x_wconf 81' lang='lat' dir='ltr'>‚quas</span> <span class='ocrx_word' id='word_1_145' title='bbox 908 2223 947 2286; x_wconf 90' lang='lat' dir='ltr'>ad</span> <span class='ocrx_word' id='word_1_146' title='bbox 976 2244 1026 2286; x_wconf 93' lang='lat' dir='ltr'>me</span> <span class='ocrx_word' id='word_1_147' title='bbox 1050 2218 1087 2296; x_wconf 82' lang='lat' dir='ltr'>Q.</span> <span class='ocrx_word' id='word_1_148' title='bbox 1107 2218 1264 2286; x_wconf 83' lang='lat' dir='ltr'>Servilius</span> <span class='ocrx_word' id='word_1_149' title='bbox 1286 2217 1390 2283; x_wconf 80' lang='lat' dir='ltr'>Tarso</span> <span class='ocrx_word' id='word_1_150' title='bbox 1403 2239 1425 2278; x_wconf 73' lang='lat'>1⁵</span> 
     </span>
     <span class='ocr_line' id='line_1_17' title="bbox 111 2324 1390 2413; baseline -0.003 -20"><span class='ocrx_word' id='word_1_151' title='bbox 111 2328 258 2393; x_wconf 85' lang='lat' dir='ltr'>miserat:</span> <span class='ocrx_word' id='word_1_152' title='bbox 285 2349 396 2392; x_wconf 91' lang='lat' dir='ltr'>earum</span> <span class='ocrx_word' id='word_1_153' title='bbox 419 2327 454 2391; x_wconf 90' lang='lat' dir='ltr'>in</span> <span class='ocrx_word' id='word_1_154' title='bbox 477 2328 581 2392; x_wconf 89' lang='lat' dir='ltr'>altera</span> <span class='ocrx_word' id='word_1_155' title='bbox 605 2328 672 2393; x_wconf 91' lang='lat' dir='ltr'>dies</span> <span class='ocrx_word' id='word_1_156' title='bbox 697 2333 768 2393; x_wconf 88' lang='lat' dir='ltr'>erat</span> <span class='ocrx_word' id='word_1_157' title='bbox 791 2329 935 2413; x_wconf 89' lang='lat' dir='ltr'>ascripta</span> <span class='ocrx_word' id='word_1_158' title='bbox 958 2327 1127 2393; x_wconf 90' lang='lat' dir='ltr'>Nonarum</span> <span class='ocrx_word' id='word_1_159' title='bbox 1152 2324 1331 2413; x_wconf 79' lang='lat' dir='ltr'>Aprilium3</span> <span class='ocrx_word' id='word_1_160' title='bbox 1357 2324 1390 2389; x_wconf 90' lang='lat' dir='ltr'>in</span> 
     </span>
     <span class='ocr_line' id='line_1_18' title="bbox 111 2432 1389 2521; baseline -0.002 -23"><span class='ocrx_word' id='word_1_161' title='bbox 111 2435 226 2520; x_wconf 85' lang='lat' dir='ltr'>altera,</span> <span class='ocrx_word' id='word_1_162' title='bbox 254 2457 336 2519; x_wconf 93' lang='lat' dir='ltr'>quae</span> <span class='ocrx_word' id='word_1_163' title='bbox 364 2435 445 2500; x_wconf 91' lang='lat' dir='ltr'>mihi</span> <span class='ocrx_word' id='word_1_164' title='bbox 474 2435 635 2499; x_wconf 88' lang='lat' dir='ltr'>recentior</span> <span class='ocrx_word' id='word_1_165' title='bbox 662 2434 847 2521; x_wconf 82' lang='lat' dir='ltr'>videbatur,</span> <span class='ocrx_word' id='word_1_166' title='bbox 877 2436 945 2501; x_wconf 91' lang='lat' dir='ltr'>dies</span> <span class='ocrx_word' id='word_1_167' title='bbox 972 2458 1040 2501; x_wconf 89' lang='lat' dir='ltr'>uon</span> <span class='ocrx_word' id='word_1_168' title='bbox 1067 2439 1145 2500; x_wconf 90' lang='lat' dir='ltr'>erat.</span> <span class='ocrx_word' id='word_1_169' title='bbox 1188 2432 1389 2518; x_wconf 88' lang='lat' dir='ltr'>respondebo</span> 
     </span>
     <span class='ocr_line' id='line_1_19' title="bbox 112 2536 1390 2627; baseline -0.002 -23"><span class='ocrx_word' id='word_1_170' title='bbox 112 2541 213 2626; x_wconf 89' lang='lat' dir='ltr'>igitur</span> <span class='ocrx_word' id='word_1_171' title='bbox 241 2542 399 2627; x_wconf 89' lang='lat' dir='ltr'>superiori</span> <span class='ocrx_word' id='word_1_172' title='bbox 426 2540 532 2626; x_wconf 88' lang='lat' dir='ltr'>prius,</span> <span class='ocrx_word' id='word_1_173' title='bbox 559 2541 593 2604; x_wconf 92' lang='lat' dir='ltr'>in</span> <span class='ocrx_word' id='word_1_174' title='bbox 617 2563 682 2624; x_wconf 86' lang='lat' dir='ltr'>qua</span> <span class='ocrx_word' id='word_1_175' title='bbox 710 2542 825 2607; x_wconf 89' lang='lat' dir='ltr'>scribis</span> <span class='ocrx_word' id='word_1_176' title='bbox 849 2542 889 2606; x_wconf 93' lang='lat' dir='ltr'>ad</span> <span class='ocrx_word' id='word_1_177' title='bbox 913 2565 964 2607; x_wconf 90' lang='lat' dir='ltr'>me</span> <span class='ocrx_word' id='word_1_178' title='bbox 988 2542 1027 2606; x_wconf 93' lang='lat' dir='ltr'>de</span> <span class='ocrx_word' id='word_1_179' title='bbox 1050 2539 1256 2626; x_wconf 86' lang='lat' dir='ltr'>apsolutione</span> <span class='ocrx_word' id='word_1_180' title='bbox 1278 2536 1390 2603; x_wconf 87' lang='lat' dir='ltr'>maies-</span> 
     </span>
     <span class='ocr_line' id='line_1_20' title="bbox 113 2644 1390 2733; baseline -0.002 -23"><span class='ocrx_word' id='word_1_181' title='bbox 113 2648 200 2713; x_wconf 88' lang='lat' dir='ltr'>tatis.</span> <span class='ocrx_word' id='word_1_182' title='bbox 244 2649 281 2712; x_wconf 87' lang='lat' dir='ltr'>dc</span> <span class='ocrx_word' id='word_1_183' title='bbox 315 2670 378 2733; x_wconf 91' lang='lat' dir='ltr'>qua</span> <span class='ocrx_word' id='word_1_184' title='bbox 410 2647 473 2712; x_wconf 89' lang='lat' dir='ltr'>etsi</span> <span class='ocrx_word' id='word_1_185' title='bbox 505 2647 703 2732; x_wconf 89' lang='lat' dir='ltr'>permultum</span> <span class='ocrx_word' id='word_1_186' title='bbox 739 2653 814 2713; x_wconf 88' lang='lat' dir='ltr'>ante</span> <span class='ocrx_word' id='word_1_187' title='bbox 847 2648 967 2714; x_wconf 88' lang='lat' dir='ltr'>certior</span> <span class='ocrx_word' id='word_1_188' title='bbox 999 2647 1106 2713; x_wconf 85' lang='lat' dir='ltr'>factus</span> <span class='ocrx_word' id='word_1_189' title='bbox 1139 2668 1228 2712; x_wconf 86' lang='lat' dir='ltr'>eram</span> <span class='ocrx_word' id='word_1_190' title='bbox 1261 2644 1390 2727; x_wconf 86' lang='lat' dir='ltr'>litteris,</span> 
     </span>
     <span class='ocr_line' id='line_1_21' title="bbox 113 2751 1425 2840; baseline -0.001 -23"><span class='ocrx_word' id='word_1_191' title='bbox 113 2754 245 2840; x_wconf 87' lang='lat' dir='ltr'>nuntiis,</span> <span class='ocrx_word' id='word_1_192' title='bbox 266 2755 353 2818; x_wconf 88' lang='lat' dir='ltr'>fama</span> <span class='ocrx_word' id='word_1_193' title='bbox 376 2754 515 2837; x_wconf 90' lang='lat' dir='ltr'>denique</span> <span class='ocrx_word' id='word_1_194' title='bbox 539 2754 610 2838; x_wconf 88' lang='lat' dir='ltr'>ipsa</span> <span class='ocrx_word' id='word_1_195' title='bbox 634 2791 668 2800; x_wconf 94' lang='lat'>—</span> <span class='ocrx_word' id='word_1_196' title='bbox 690 2754 774 2821; x_wconf 90' lang='lat' dir='ltr'>nihil</span> <span class='ocrx_word' id='word_1_197' title='bbox 792 2756 879 2821; x_wconf 88' lang='lat' dir='ltr'>enim</span> <span class='ocrx_word' id='word_1_198' title='bbox 897 2755 962 2820; x_wconf 82' lang='lat' dir='ltr'>fuit</span> <span class='ocrx_word' id='word_1_199' title='bbox 984 2754 1114 2839; x_wconf 89' lang='lat' dir='ltr'>clarius,</span> <span class='ocrx_word' id='word_1_200' title='bbox 1136 2776 1203 2818; x_wconf 89' lang='lat' dir='ltr'>non</span> <span class='ocrx_word' id='word_1_201' title='bbox 1222 2774 1287 2836; x_wconf 91' lang='lat' dir='ltr'>quo</span> <span class='ocrx_word' id='word_1_202' title='bbox 1306 2751 1425 2837; x_wconf 78' lang='lat' dir='ltr'>quis-u</span> 
     </span>
     <span class='ocr_line' id='line_1_22' title="bbox 114 2859 1391 2948; baseline -0.001 -24"><span class='ocrx_word' id='word_1_203' title='bbox 114 2884 211 2944; x_wconf 90' lang='lat' dir='ltr'>quam</span> <span class='ocrx_word' id='word_1_204' title='bbox 248 2859 343 2925; x_wconf 88' lang='lat' dir='ltr'>aliter</span> <span class='ocrx_word' id='word_1_205' title='bbox 380 2864 544 2945; x_wconf 89' lang='lat' dir='ltr'>putasset,</span> <span class='ocrx_word' id='word_1_206' title='bbox 581 2861 638 2925; x_wconf 90' lang='lat' dir='ltr'>sed</span> <span class='ocrx_word' id='word_1_207' title='bbox 670 2861 753 2926; x_wconf 89' lang='lat' dir='ltr'>nihil</span> <span class='ocrx_word' id='word_1_208' title='bbox 784 2863 823 2928; x_wconf 89' lang='lat' dir='ltr'>de</span> <span class='ocrx_word' id='word_1_209' title='bbox 856 2862 1040 2948; x_wconf 81' lang='lat' dir='ltr'>insignibus</span> <span class='ocrx_word' id='word_1_210' title='bbox 1073 2862 1113 2927; x_wconf 88' lang='lat' dir='ltr'>ad</span> <span class='ocrx_word' id='word_1_211' title='bbox 1150 2860 1281 2925; x_wconf 91' lang='lat' dir='ltr'>laudem</span> <span class='ocrx_word' id='word_1_212' title='bbox 1313 2859 1391 2925; x_wconf 81' lang='lat' dir='ltr'>viris</span> 
     </span>
     <span class='ocr_line' id='line_1_23' title="bbox 114 2965 1391 3051; baseline -0.001 -20"><span class='ocrx_word' id='word_1_213' title='bbox 114 2967 250 3032; x_wconf 85' lang='lat' dir='ltr'>obscure</span> <span class='ocrx_word' id='word_1_214' title='bbox 272 2967 414 3031; x_wconf 90' lang='lat' dir='ltr'>nuntiari</span> <span class='ocrx_word' id='word_1_215' title='bbox 440 2967 523 3032; x_wconf 88' lang='lat' dir='ltr'>solet</span> <span class='ocrx_word' id='word_1_216' title='bbox 549 3003 602 3051; x_wconf 89' lang='lat'>-,</span> <span class='ocrx_word' id='word_1_217' title='bbox 632 2973 741 3033; x_wconf 90' lang='lat' dir='ltr'>tamen</span> <span class='ocrx_word' id='word_1_218' title='bbox 765 2969 876 3034; x_wconf 90' lang='lat' dir='ltr'>eadem</span> <span class='ocrx_word' id='word_1_219' title='bbox 899 2969 957 3033; x_wconf 91' lang='lat' dir='ltr'>illa</span> <span class='ocrx_word' id='word_1_220' title='bbox 980 2967 1119 3033; x_wconf 90' lang='lat' dir='ltr'>laetiora</span> <span class='ocrx_word' id='word_1_221' title='bbox 1141 2966 1288 3031; x_wconf 86' lang='lat' dir='ltr'>fecerunt</span> <span class='ocrx_word' id='word_1_222' title='bbox 1312 2965 1391 3031; x_wconf 90' lang='lat' dir='ltr'>mihi</span> 
     </span>
     <span class='ocr_line' id='line_1_24' title="bbox 115 3072 1392 3161; baseline 0 -25"><span class='ocrx_word' id='word_1_223' title='bbox 115 3078 189 3137; x_wconf 84' lang='lat' dir='ltr'>tuae</span> <span class='ocrx_word' id='word_1_224' title='bbox 214 3073 352 3156; x_wconf 85' lang='lat' dir='ltr'>litterae,</span> <span class='ocrx_word' id='word_1_225' title='bbox 374 3095 440 3138; x_wconf 89' lang='lat' dir='ltr'>nou</span> <span class='ocrx_word' id='word_1_226' title='bbox 463 3074 568 3138; x_wconf 89' lang='lat' dir='ltr'>solum</span> <span class='ocrx_word' id='word_1_227' title='bbox 593 3074 668 3157; x_wconf 87' lang='lat' dir='ltr'>quia</span> <span class='ocrx_word' id='word_1_228' title='bbox 691 3075 821 3158; x_wconf 90' lang='lat' dir='ltr'>planius</span> <span class='ocrx_word' id='word_1_229' title='bbox 842 3075 1059 3161; x_wconf 87' lang='lat' dir='ltr'>loquebantur</span> <span class='ocrx_word' id='word_1_230' title='bbox 1082 3078 1116 3138; x_wconf 91' lang='lat' dir='ltr'>et</span> <span class='ocrx_word' id='word_1_231' title='bbox 1138 3072 1271 3138; x_wconf 88' lang='lat' dir='ltr'>uberius</span> <span class='ocrx_word' id='word_1_232' title='bbox 1295 3094 1392 3156; x_wconf 90' lang='lat' dir='ltr'>quam</span> 
     </span>
     <span class='ocr_line' id='line_1_25' title="bbox 114 3179 1393 3267; baseline 0.001 -25"><span class='ocrx_word' id='word_1_233' title='bbox 114 3179 205 3263; x_wconf 89' lang='lat' dir='ltr'>vulgi</span> <span class='ocrx_word' id='word_1_234' title='bbox 228 3201 347 3262; x_wconf 89' lang='lat' dir='ltr'>sermo,</span> <span class='ocrx_word' id='word_1_235' title='bbox 375 3181 430 3244; x_wconf 86' lang='lat' dir='ltr'>sed</span> <span class='ocrx_word' id='word_1_236' title='bbox 454 3179 553 3243; x_wconf 87' lang='lat' dir='ltr'>etiam</span> <span class='ocrx_word' id='word_1_237' title='bbox 581 3181 657 3263; x_wconf 88' lang='lat' dir='ltr'>quie</span> <span class='ocrx_word' id='word_1_238' title='bbox 680 3182 785 3267; x_wconf 89' lang='lat' dir='ltr'>magis</span> <span class='ocrx_word' id='word_1_239' title='bbox 813 3182 945 3247; x_wconf 90' lang='lat' dir='ltr'>videbar</span> <span class='ocrx_word' id='word_1_240' title='bbox 969 3181 1030 3245; x_wconf 92' lang='lat' dir='ltr'>tibi</span> <span class='ocrx_word' id='word_1_241' title='bbox 1053 3180 1229 3266; x_wconf 88' lang='lat' dir='ltr'>gratulari,</span> <span class='ocrx_word' id='word_1_242' title='bbox 1257 3201 1332 3261; x_wconf 82' lang='lat' dir='ltr'>cum</span> <span class='ocrx_word' id='word_1_243' title='bbox 1356 3179 1393 3243; x_wconf 90' lang='lat' dir='ltr'>de</span> 
     </span>
    </p>

    <p class='ocr_par' dir='ltr' id='par_1_6' title="bbox 80 3286 1439 4012">
     <span class='ocr_line' id='line_1_26' title="bbox 80 3286 1430 3374; baseline -0.001 -25"><span class='ocrx_word' id='word_1_244' title='bbox 80 3291 147 3349; x_wconf 82' lang='lat' dir='ltr'>ate</span> <span class='ocrx_word' id='word_1_245' title='bbox 176 3290 270 3350; x_wconf 87' lang='lat' dir='ltr'>exte</span> <span class='ocrx_word' id='word_1_246' title='bbox 294 3286 365 3369; x_wconf 90' lang='lat' dir='ltr'>ipso</span> <span class='ocrx_word' id='word_1_247' title='bbox 393 3286 572 3350; x_wconf 90' lang='lat' dir='ltr'>audiebam.</span> <span class='ocrx_word' id='word_1_248' title='bbox 609 3289 784 3372; x_wconf 81' lang='lat' dir='ltr'>conplexus</span> <span class='ocrx_word' id='word_1_249' title='bbox 812 3288 915 3374; x_wconf 89' lang='lat' dir='ltr'>igitur</span> <span class='ocrx_word' id='word_1_250' title='bbox 947 3310 1019 3352; x_wconf 89' lang='lat' dir='ltr'>sum</span> <span class='ocrx_word' id='word_1_251' title='bbox 1048 3286 1248 3372; x_wconf 86' lang='lat' dir='ltr'>cogitatione</span> <span class='ocrx_word' id='word_1_252' title='bbox 1278 3290 1311 3350; x_wconf 89' lang='lat' dir='ltr'>te</span> <span class='ocrx_word' id='word_1_253' title='bbox 1340 3286 1393 3350; x_wconf 91' lang='lat' dir='ltr'>ab·</span> <span class='ocrx_word' id='word_1_254' title='bbox 1407 3305 1430 3345; x_wconf 79' lang='lat' dir='ltr'>a</span> 
     </span>
     <span class='ocr_line' id='line_1_27' title="bbox 116 3392 1395 3480; baseline 0.002 -24"><span class='ocrx_word' id='word_1_255' title='bbox 116 3396 254 3476; x_wconf 68' lang='lat' dir='ltr'>sentem,</span> <span class='ocrx_word' id='word_1_256' title='bbox 277 3392 448 3475; x_wconf 89' lang='lat' dir='ltr'>epistolam</span> <span class='ocrx_word' id='word_1_257' title='bbox 472 3416 548 3459; x_wconf 86' lang='lat' dir='ltr'>vero</span> <span class='ocrx_word' id='word_1_258' title='bbox 573 3396 752 3479; x_wconf 85' lang='lat' dir='ltr'>osculatus,</span> <span class='ocrx_word' id='word_1_259' title='bbox 776 3396 875 3460; x_wconf 89' lang='lat' dir='ltr'>etiam</span> <span class='ocrx_word' id='word_1_260' title='bbox 900 3397 968 3478; x_wconf 88' lang='lat' dir='ltr'>ipse</span> <span class='ocrx_word' id='word_1_261' title='bbox 993 3394 1073 3458; x_wconf 92' lang='lat' dir='ltr'>mihi</span> <span class='ocrx_word' id='word_1_262' title='bbox 1098 3392 1283 3480; x_wconf 86' lang='lat' dir='ltr'>gratulatus</span> <span class='ocrx_word' id='word_1_263' title='bbox 1307 3414 1395 3477; x_wconf 84' lang='lat' dir='ltr'>sum3</span> 
     </span>
     <span class='ocr_line' id='line_1_28' title="bbox 116 3498 1396 3586; baseline -0.001 -22"><span class='ocrx_word' id='word_1_264' title='bbox 116 3522 197 3583; x_wconf 85' lang='lat' dir='ltr'>quae</span> <span class='ocrx_word' id='word_1_265' title='bbox 226 3500 312 3565; x_wconf 88' lang='lat' dir='ltr'>enirn</span> <span class='ocrx_word' id='word_1_266' title='bbox 341 3501 402 3583; x_wconf 75' lang='lat' dir='ltr'>(a)</span> <span class='ocrx_word' id='word_1_267' title='bbox 431 3506 546 3566; x_wconf 86' lang='lat' dir='ltr'>cuncto</span> <span class='ocrx_word' id='word_1_268' title='bbox 573 3502 708 3586; x_wconf 90' lang='lat' dir='ltr'>populo,</span> <span class='ocrx_word' id='word_1_269' title='bbox 736 3525 755 3565; x_wconf 84' lang='lat' dir='ltr'>a</span> <span class='ocrx_word' id='word_1_270' title='bbox 784 3507 912 3585; x_wconf 90' lang='lat' dir='ltr'>senatu,</span> <span class='ocrx_word' id='word_1_271' title='bbox 939 3525 958 3566; x_wconf 93' lang='lat' dir='ltr'>a</span> <span class='ocrx_word' id='word_1_272' title='bbox 985 3499 1146 3565; x_wconf 89' lang='lat' dir='ltr'>iudicibus</span> <span class='ocrx_word' id='word_1_273' title='bbox 1174 3498 1321 3584; x_wconf 90' lang='lat' dir='ltr'>ingenio,</span> <span class='ocrx_word' id='word_1_274' title='bbox 1350 3499 1396 3564; x_wconf 88' lang='lat' dir='ltr'>in·</span> 
     </span>
     <span class='ocr_line' id='line_1_29' title="bbox 116 3605 1396 3692; baseline 0.001 -22"><span class='ocrx_word' id='word_1_275' title='bbox 116 3605 273 3687; x_wconf 89' lang='lat' dir='ltr'>dustriae,</span> <span class='ocrx_word' id='word_1_276' title='bbox 297 3605 411 3670; x_wconf 81' lang='lat' dir='ltr'>virtuti</span> <span class='ocrx_word' id='word_1_277' title='bbox 435 3607 637 3691; x_wconf 87' lang='lat' dir='ltr'>tribuuntur,</span> <span class='ocrx_word' id='word_1_278' title='bbox 661 3607 736 3691; x_wconf 87' lang='lat' dir='ltr'>quia</span> <span class='ocrx_word' id='word_1_279' title='bbox 760 3607 841 3672; x_wconf 91' lang='lat' dir='ltr'>mihi</span> <span class='ocrx_word' id='word_1_280' title='bbox 863 3609 933 3692; x_wconf 88' lang='lat' dir='ltr'>ipse</span> <span class='ocrx_word' id='word_1_281' title='bbox 959 3607 1124 3672; x_wconf 87' lang='lat' dir='ltr'>adsentior</span> <span class='ocrx_word' id='word_1_282' title='bbox 1146 3605 1297 3689; x_wconf 82' lang='lat' dir='ltr'>fortasse,</span> <span class='ocrx_word' id='word_1_283' title='bbox 1321 3627 1396 3671; x_wconf 91' lang='lat' dir='ltr'>oum</span> 
     </span>
     <span class='ocr_line' id='line_1_30' title="bbox 117 3711 1397 3799; baseline 0.001 -23"><span class='ocrx_word' id='word_1_284' title='bbox 117 3735 154 3776; x_wconf 91' lang='lat' dir='ltr'>ea</span> <span class='ocrx_word' id='word_1_285' title='bbox 177 3734 247 3776; x_wconf 83' lang='lat' dir='ltr'>esse</span> <span class='ocrx_word' id='word_1_286' title='bbox 271 3711 304 3775; x_wconf 88' lang='lat' dir='ltr'>in</span> <span class='ocrx_word' id='word_1_287' title='bbox 328 3735 379 3776; x_wconf 92' lang='lat' dir='ltr'>me</span> <span class='ocrx_word' id='word_1_288' title='bbox 402 3713 505 3799; x_wconf 90' lang='lat' dir='ltr'>fingo,</span> <span class='ocrx_word' id='word_1_289' title='bbox 535 3713 615 3777; x_wconf 93' lang='lat' dir='ltr'>mihi</span> <span class='ocrx_word' id='word_1_290' title='bbox 639 3734 765 3798; x_wconf 88' lang='lat' dir='ltr'>quoque</span> <span class='ocrx_word' id='word_1_291' title='bbox 794 3715 857 3798; x_wconf 88' lang='lat' dir='ltr'>ipsi</span> <span class='ocrx_word' id='word_1_292' title='bbox 886 3714 988 3779; x_wconf 89' lang='lat' dir='ltr'>tribui</span> <span class='ocrx_word' id='word_1_293' title='bbox 1011 3717 1100 3799; x_wconf 89' lang='lat' dir='ltr'>puto.</span> <span class='ocrx_word' id='word_1_294' title='bbox 1141 3735 1201 3778; x_wconf 91' lang='lat' dir='ltr'>nec</span> <span class='ocrx_word' id='word_1_295' title='bbox 1229 3715 1299 3777; x_wconf 91' lang='lat' dir='ltr'>tam</span> <span class='ocrx_word' id='word_1_296' title='bbox 1327 3713 1397 3799; x_wconf 90' lang='lat' dir='ltr'>glo·</span> 
     </span>
     <span class='ocr_line' id='line_1_31' title="bbox 117 3818 1439 3905; baseline -0.002 -24"><span class='ocrx_word' id='word_1_297' title='bbox 117 3820 239 3882; x_wconf 88' lang='lat' dir='ltr'>riosum</span> <span class='ocrx_word' id='word_1_298' title='bbox 272 3818 396 3884; x_wconf 87' lang='lat' dir='ltr'>exitum</span> <span class='ocrx_word' id='word_1_299' title='bbox 424 3819 472 3884; x_wconf 89' lang='lat' dir='ltr'>tui</span> <span class='ocrx_word' id='word_1_300' title='bbox 503 3819 614 3884; x_wconf 87' lang='lat' dir='ltr'>iudicii</span> <span class='ocrx_word' id='word_1_301' title='bbox 647 3821 808 3905; x_wconf 82' lang='lat' dir='ltr'>extitisse,</span> <span class='ocrx_word' id='word_1_302' title='bbox 841 3822 896 3886; x_wconf 90' lang='lat' dir='ltr'>sed</span> <span class='ocrx_word' id='word_1_303' title='bbox 924 3826 991 3886; x_wconf 86' lang='lat' dir='ltr'>tam</span> <span class='ocrx_word' id='word_1_304' title='bbox 1022 3842 1155 3904; x_wconf 88' lang='lat' dir='ltr'>pravam</span> <span class='ocrx_word' id='word_1_305' title='bbox 1187 3818 1439 3885; x_wconf 78' lang='lat' dir='ltr'>inimicorumeo</span> 
     </span>
     <span class='ocr_line' id='line_1_32' title="bbox 118 3925 1399 4012; baseline 0.003 -25"><span class='ocrx_word' id='word_1_306' title='bbox 118 3930 248 3988; x_wconf 88' lang='lat' dir='ltr'>tuorum</span> <span class='ocrx_word' id='word_1_307' title='bbox 277 3929 417 3989; x_wconf 90' lang='lat' dir='ltr'>mentem</span> <span class='ocrx_word' id='word_1_308' title='bbox 451 3925 550 3990; x_wconf 87' lang='lat' dir='ltr'>fuisse</span> <span class='ocrx_word' id='word_1_309' title='bbox 581 3927 731 3992; x_wconf 90' lang='lat' dir='ltr'>mirabar.</span> <span class='ocrx_word' id='word_1_310' title='bbox 774 3928 825 3994; x_wconf 73' lang='lat' dir='ltr'>‘de</span> <span class='ocrx_word' id='word_1_311' title='bbox 854 3929 980 3993; x_wconf 90' lang='lat' dir='ltr'>ambitu</span> <span class='ocrx_word' id='word_1_312' title='bbox 1008 3950 1098 4012; x_wconf 85' lang='lat' dir='ltr'>vero,</span> <span class='ocrx_word' id='word_1_313' title='bbox 1132 3926 1208 4010; x_wconf 90' lang='lat' dir='ltr'>quid</span> <span class='ocrx_word' id='word_1_314' title='bbox 1236 3925 1399 4011; x_wconf 86' lang='lat' dir='ltr'>iuterest&#39;,</span> 
     </span>
    </p>
   </div>
   <div class='ocr_carea' id='block_1_5' title="bbox 118 4117 1402 4902">
    <p class='ocr_par' dir='ltr' id='par_1_7' title="bbox 118 4117 1402 4902">
     <span class='ocr_line' id='line_1_33' title="bbox 208 4117 1397 4191; baseline 0.004 -23"><span class='ocrx_word' id='word_1_315' title='bbox 208 4122 231 4170; x_wconf 88' lang='lat'>1.</span> <span class='ocrx_word' id='word_1_316' title='bbox 252 4131 299 4168; x_wconf 88' lang='lat' dir='ltr'>aas</span> <span class='ocrx_word' id='word_1_317' title='bbox 318 4133 369 4170; x_wconf 86' lang='lat' dir='ltr'>om.</span> <span class='ocrx_word' id='word_1_318' title='bbox 388 4117 416 4170; x_wconf 83' lang='lat' dir='ltr'>It</span> <span class='ocrx_word' id='word_1_319' title='bbox 433 4118 443 4183; x_wconf 94' lang='grc'>11</span> <span class='ocrx_word' id='word_1_320' title='bbox 462 4134 506 4170; x_wconf 89' lang='lat' dir='ltr'>me</span> <span class='ocrx_word' id='word_1_321' title='bbox 525 4117 561 4189; x_wconf 87' lang='lat' dir='ltr'>is]</span> <span class='ocrx_word' id='word_1_322' title='bbox 580 4119 650 4173; x_wconf 84' lang='lat' dir='ltr'>meis</span> <span class='ocrx_word' id='word_1_323' title='bbox 669 4120 715 4188; x_wconf 88' lang='grc' dir='ltr'>Μ,</span> <span class='ocrx_word' id='word_1_324' title='bbox 734 4137 811 4174; x_wconf 89' lang='lat' dir='ltr'>meas</span> <span class='ocrx_word' id='word_1_325' title='bbox 831 4122 887 4177; x_wconf 79' lang='lat' dir='ltr'>GR</span> <span class='ocrx_word' id='word_1_326' title='bbox 905 4124 956 4191; x_wconf 75' lang='grc'>112,</span> <span class='ocrx_word' id='word_1_327' title='bbox 976 4119 1066 4174; x_wconf 90' lang='lat' dir='ltr'>hostis</span> <span class='ocrx_word' id='word_1_328' title='bbox 1085 4136 1118 4175; x_wconf 73' lang='lat' dir='ltr'>ex</span> <span class='ocrx_word' id='word_1_329' title='bbox 1135 4119 1231 4172; x_wconf 85' lang='lat' dir='ltr'>hostes</span> <span class='ocrx_word' id='word_1_330' title='bbox 1250 4117 1297 4171; x_wconf 85' lang='lat' dir='ltr'>Ml</span> <span class='ocrx_word' id='word_1_331' title='bbox 1311 4118 1397 4188; x_wconf 60' lang='grc'>11118,-</span> 
     </span>
     <span class='ocr_line' id='line_1_34' title="bbox 118 4189 1396 4261; baseline 0.007 -22"><span class='ocrx_word' id='word_1_332' title='bbox 118 4191 195 4242; x_wconf 80' lang='lat' dir='ltr'>carot</span> <span class='ocrx_word' id='word_1_333' title='bbox 213 4189 305 4241; x_wconf 87' lang='lat' dir='ltr'>totum</span> <span class='ocrx_word' id='word_1_334' title='bbox 319 4189 413 4241; x_wconf 88' lang='lat' dir='ltr'>tamen</span> <span class='ocrx_word' id='word_1_335' title='bbox 427 4204 472 4241; x_wconf 89' lang='lat' dir='ltr'>me</span> <span class='ocrx_word' id='word_1_336' title='bbox 484 4190 509 4243; x_wconf 84' lang='lat' dir='ltr'><em>G</em></span> <span class='ocrx_word' id='word_1_337' title='bbox 523 4192 532 4257; x_wconf 94' lang='grc'>11</span> <span class='ocrx_word' id='word_1_338' title='bbox 546 4196 570 4243; x_wconf 78' lang='lat'>2.</span> <span class='ocrx_word' id='word_1_339' title='bbox 587 4196 610 4243; x_wconf 82' lang='lat'>3.</span> <span class='ocrx_word' id='word_1_340' title='bbox 630 4208 675 4243; x_wconf 85' lang='lat' dir='ltr'>me</span> <span class='ocrx_word' id='word_1_341' title='bbox 690 4191 726 4244; x_wconf 85' lang='lat' dir='ltr'>ad</span> <span class='ocrx_word' id='word_1_342' title='bbox 742 4193 796 4247; x_wconf 84' lang='lat' dir='ltr'>GR</span> <span class='ocrx_word' id='word_1_343' title='bbox 807 4194 885 4261; x_wconf 72' lang='lat' dir='ltr'>(M¹)‚</span> <span class='ocrx_word' id='word_1_344' title='bbox 904 4208 969 4246; x_wconf 89' lang='lat' dir='ltr'>mea</span> <span class='ocrx_word' id='word_1_345' title='bbox 983 4192 1065 4246; x_wconf 86' lang='lat' dir='ltr'>daM</span> <span class='ocrx_word' id='word_1_346' title='bbox 1075 4194 1084 4260; x_wconf 97' lang='grc'>11</span> <span class='ocrx_word' id='word_1_347' title='bbox 1098 4196 1122 4245; x_wconf 81' lang='lat' dir='ltr'>t.</span> <span class='ocrx_word' id='word_1_348' title='bbox 1139 4189 1261 4257; x_wconf 72' lang='lat' dir='ltr'>arnolt,</span> <span class='ocrx_word' id='word_1_349' title='bbox 1281 4192 1351 4244; x_wconf 80' lang='lat' dir='ltr'>ante</span> <span class='ocrx_word' id='word_1_350' title='bbox 1361 4191 1396 4258; x_wconf 82' lang='lat' dir='ltr'>G,</span> 
     </span>
     <span class='ocr_line' id='line_1_35' title="bbox 118 4258 1399 4332; baseline 0.004 -22"><span class='ocrx_word' id='word_1_351' title='bbox 118 4276 160 4311; x_wconf 86' lang='lat' dir='ltr'>me</span> <span class='ocrx_word' id='word_1_352' title='bbox 181 4260 217 4312; x_wconf 82' lang='lat' dir='ltr'>M</span> <span class='ocrx_word' id='word_1_353' title='bbox 231 4261 241 4326; x_wconf 94' lang='grc'>11</span> <span class='ocrx_word' id='word_1_354' title='bbox 259 4258 386 4327; x_wconf 83' lang='lat' dir='ltr'>profecta</span> <span class='ocrx_word' id='word_1_355' title='bbox 404 4260 474 4323; x_wconf 79' lang='lat' dir='ltr'>MR,</span> <span class='ocrx_word' id='word_1_356' title='bbox 493 4260 618 4328; x_wconf 84' lang='lat' dir='ltr'>profecto</span> <span class='ocrx_word' id='word_1_357' title='bbox 638 4263 672 4316; x_wconf 88' lang='lat' dir='ltr'>G.</span> <span class='ocrx_word' id='word_1_358' title='bbox 695 4262 820 4332; x_wconf 68' lang='lat' dir='ltr'>perfecta</span> <span class='ocrx_word' id='word_1_359' title='bbox 838 4265 890 4318; x_wconf 82' lang='lat' dir='ltr'>olii</span> <span class='ocrx_word' id='word_1_360' title='bbox 908 4266 917 4331; x_wconf 96' lang='grc'>11</span> <span class='ocrx_word' id='word_1_361' title='bbox 935 4279 1045 4332; x_wconf 90' lang='lat' dir='ltr'>quoque</span> <span class='ocrx_word' id='word_1_362' title='bbox 1066 4263 1091 4317; x_wconf 85' lang='lat' dir='ltr'><em>G</em></span> <span class='ocrx_word' id='word_1_363' title='bbox 1114 4265 1124 4330; x_wconf 97' lang='grc'>11</span> <span class='ocrx_word' id='word_1_364' title='bbox 1147 4267 1171 4316; x_wconf 87' lang='grc'>6.</span> <span class='ocrx_word' id='word_1_365' title='bbox 1191 4259 1248 4315; x_wconf 87' lang='lat' dir='ltr'>sint</span> <span class='ocrx_word' id='word_1_366' title='bbox 1266 4260 1309 4326; x_wconf 90' lang='lat' dir='ltr'>M,</span> <span class='ocrx_word' id='word_1_367' title='bbox 1331 4262 1399 4315; x_wconf 87' lang='lat' dir='ltr'>sunt</span> 
     </span>
     <span class='ocr_line' id='line_1_36' title="bbox 120 4329 1393 4419; baseline 0.005 -37"><span class='ocrx_word' id='word_1_368' title='bbox 120 4330 181 4384; x_wconf 78' lang='lat' dir='ltr'>GR.</span> <span class='ocrx_word' id='word_1_369' title='bbox 201 4337 345 4411; x_wconf 76' lang='lat' dir='ltr'>otmmpae</span> <span class='ocrx_word' id='word_1_370' title='bbox 364 4331 461 4384; x_wconf 74' lang='lat' dir='ltr'>bortum</span> <span class='ocrx_word' id='word_1_371' title='bbox 475 4333 486 4411; x_wconf 89' lang='lat' dir='ltr'>l</span> <span class='ocrx_word' id='word_1_372' title='bbox 498 4347 618 4400; x_wconf 84' lang='lat' dir='ltr'>agnosce</span> <span class='ocrx_word' id='word_1_373' title='bbox 637 4334 665 4388; x_wconf 79' lang='lat' dir='ltr'><em>R</em></span> <span class='ocrx_word' id='word_1_374' title='bbox 679 4336 688 4401; x_wconf 93' lang='grc'>11</span> <span class='ocrx_word' id='word_1_375' title='bbox 702 4335 830 4388; x_wconf 71' lang='lat' dir='ltr'>lammam</span> <span class='ocrx_word' id='word_1_376' title='bbox 847 4352 904 4389; x_wconf 73' lang='lat' dir='ltr'>nora</span> <span class='ocrx_word' id='word_1_377' title='bbox 921 4336 1080 4419; x_wconf 73' lang='lat' dir='ltr'>sipaiticoot</span> <span class='ocrx_word' id='word_1_378' title='bbox 1093 4336 1120 4387; x_wconf 82' lang='lat' dir='ltr'>a</span> <span class='ocrx_word' id='word_1_379' title='bbox 1133 4336 1143 4402; x_wconf 93' lang='grc'>11</span> <span class='ocrx_word' id='word_1_380' title='bbox 1157 4338 1181 4387; x_wconf 85' lang='grc'>9.</span> <span class='ocrx_word' id='word_1_381' title='bbox 1202 4329 1330 4398; x_wconf 86' lang='lat' dir='ltr'>sumique</span> <span class='ocrx_word' id='word_1_382' title='bbox 1346 4333 1393 4388; x_wconf 87' lang='lat' dir='ltr'>M.</span> 
     </span>
     <span class='ocr_line' id='line_1_37' title="bbox 122 4401 1400 4476; baseline 0.005 -25"><span class='ocrx_word' id='word_1_383' title='bbox 122 4406 160 4453; x_wconf 80' lang='lat'>10.</span> <span class='ocrx_word' id='word_1_384' title='bbox 180 4403 339 4454; x_wconf 77' lang='lat' dir='ltr'>accuratius</span> <span class='ocrx_word' id='word_1_385' title='bbox 358 4401 403 4470; x_wconf 87' lang='lat' dir='ltr'>M,</span> <span class='ocrx_word' id='word_1_386' title='bbox 428 4418 521 4454; x_wconf 82' lang='lat' dir='ltr'>accius</span> <span class='ocrx_word' id='word_1_387' title='bbox 542 4404 580 4471; x_wconf 87' lang='lat' dir='ltr'>G,</span> <span class='ocrx_word' id='word_1_388' title='bbox 606 4404 701 4473; x_wconf 88' lang='lat' dir='ltr'>aptius</span> <span class='ocrx_word' id='word_1_389' title='bbox 720 4406 747 4461; x_wconf 80' lang='lat' dir='ltr'><em>R</em></span> <span class='ocrx_word' id='word_1_390' title='bbox 770 4408 779 4473; x_wconf 93' lang='grc'>11</span> <span class='ocrx_word' id='word_1_391' title='bbox 803 4411 843 4458; x_wconf 87' lang='grc'>13.</span> <span class='ocrx_word' id='word_1_392' title='bbox 862 4408 1069 4476; x_wconf 70' lang='lat' dir='ltr'>inscriptionem</span> <span class='ocrx_word' id='word_1_393' title='bbox 1087 4422 1136 4461; x_wconf 75' lang='lat' dir='ltr'>ora.</span> <span class='ocrx_word' id='word_1_394' title='bbox 1158 4403 1213 4457; x_wconf 84' lang='lat' dir='ltr'>GR</span> <span class='ocrx_word' id='word_1_395' title='bbox 1235 4405 1245 4470; x_wconf 89' lang='lat' dir='ltr'>l</span> <span class='ocrx_word' id='word_1_396' title='bbox 1269 4407 1310 4454; x_wconf 82' lang='grc'>14.</span> <span class='ocrx_word' id='word_1_397' title='bbox 1331 4405 1400 4457; x_wconf 87' lang='lat' dir='ltr'>aunt</span> 
     </span>
     <span class='ocr_line' id='line_1_38' title="bbox 120 4470 1399 4545; baseline 0.005 -23"><span class='ocrx_word' id='word_1_398' title='bbox 120 4470 188 4523; x_wconf 88' lang='lat' dir='ltr'>mihi</span> <span class='ocrx_word' id='word_1_399' title='bbox 209 4473 234 4525; x_wconf 83' lang='lat' dir='ltr'><em>G</em></span> <span class='ocrx_word' id='word_1_400' title='bbox 251 4474 261 4540; x_wconf 92' lang='grc'>11</span> <span class='ocrx_word' id='word_1_401' title='bbox 280 4478 320 4525; x_wconf 80' lang='lat'>15.</span> <span class='ocrx_word' id='word_1_402' title='bbox 342 4470 386 4541; x_wconf 80' lang='lat' dir='ltr'>Q.}</span> <span class='ocrx_word' id='word_1_403' title='bbox 406 4489 460 4541; x_wconf 89' lang='lat' dir='ltr'>quc</span> <span class='ocrx_word' id='word_1_404' title='bbox 479 4474 525 4540; x_wconf 88' lang='grc' dir='ltr'>Μ,</span> <span class='ocrx_word' id='word_1_405' title='bbox 544 4491 594 4529; x_wconf 72' lang='lat' dir='ltr'>oni.</span> <span class='ocrx_word' id='word_1_406' title='bbox 615 4476 697 4545; x_wconf 71' lang='grc'>01111</span> <span class='ocrx_word' id='word_1_407' title='bbox 719 4482 757 4530; x_wconf 81' lang='lat' dir='ltr'>lt.</span> <span class='ocrx_word' id='word_1_408' title='bbox 778 4476 935 4545; x_wconf 89' lang='lat' dir='ltr'>adscriptus</span> <span class='ocrx_word' id='word_1_409' title='bbox 954 4495 988 4532; x_wconf 76' lang='lat' dir='ltr'>ea</span> <span class='ocrx_word' id='word_1_410' title='bbox 1007 4477 1117 4531; x_wconf 81' lang='lat' dir='ltr'>Baiteri</span> <span class='ocrx_word' id='word_1_411' title='bbox 1135 4475 1205 4530; x_wconf 76' lang='lat' dir='ltr'>coni.</span> <span class='ocrx_word' id='word_1_412' title='bbox 1226 4472 1399 4545; x_wconf 71' lang='lat' dir='ltr'>Wesenberg,</span> 
     </span>
     <span class='ocr_line' id='line_1_39' title="bbox 120 4542 1398 4618; baseline 0.005 -26"><span class='ocrx_word' id='word_1_413' title='bbox 120 4544 274 4606; x_wconf 69' lang='lat' dir='ltr'>peritomen</span> <span class='ocrx_word' id='word_1_414' title='bbox 293 4561 337 4611; x_wconf 76' lang='lat' dir='ltr'>op,</span> <span class='ocrx_word' id='word_1_415' title='bbox 358 4545 412 4598; x_wconf 82' lang='lat' dir='ltr'>Cic.</span> <span class='ocrx_word' id='word_1_416' title='bbox 431 4545 468 4598; x_wconf 83' lang='lat' dir='ltr'>od</span> <span class='ocrx_word' id='word_1_417' title='bbox 489 4544 521 4614; x_wconf 76' lang='lat' dir='ltr'>Q.</span> <span class='ocrx_word' id='word_1_418' title='bbox 538 4546 574 4612; x_wconf 71' lang='lat' dir='ltr'>fr.</span> <span class='ocrx_word' id='word_1_419' title='bbox 594 4546 644 4612; x_wconf 85' lang='lat' dir='ltr'>Ill,</span> <span class='ocrx_word' id='word_1_420' title='bbox 665 4553 693 4614; x_wconf 94' lang='lat'>1,</span> <span class='ocrx_word' id='word_1_421' title='bbox 714 4553 729 4601; x_wconf 85' lang='grc'>8</span> <span class='ocrx_word' id='word_1_422' title='bbox 753 4547 896 4617; x_wconf 89' lang='lat' dir='ltr'>adscripta</span> <span class='ocrx_word' id='word_1_423' title='bbox 919 4547 979 4601; x_wconf 85' lang='lat' dir='ltr'>dies</span> <span class='ocrx_word' id='word_1_424' title='bbox 1005 4549 1092 4602; x_wconf 78' lang='lat' dir='ltr'>terruit</span> <span class='ocrx_word' id='word_1_425' title='bbox 1114 4550 1123 4615; x_wconf 97' lang='grc'>11</span> <span class='ocrx_word' id='word_1_426' title='bbox 1147 4551 1189 4603; x_wconf 90' lang='grc'>19.</span> <span class='ocrx_word' id='word_1_427' title='bbox 1212 4542 1398 4618; x_wconf 88' lang='lat' dir='ltr'>permultum]</span> 
     </span>
     <span class='ocr_line' id='line_1_40' title="bbox 120 4613 1394 4694; baseline 0.004 -31"><span class='ocrx_word' id='word_1_428' title='bbox 120 4613 256 4694; x_wconf 81' lang='lat' dir='ltr'>permulto</span> <span class='ocrx_word' id='word_1_429' title='bbox 276 4616 335 4668; x_wconf 83' lang='lat' dir='ltr'>olii.</span> <span class='ocrx_word' id='word_1_430' title='bbox 358 4617 393 4681; x_wconf 74' lang='lat' dir='ltr'>cf.</span> <span class='ocrx_word' id='word_1_431' title='bbox 412 4615 565 4685; x_wconf 73' lang='lat' dir='ltr'>Lortdpros</span> <span class='ocrx_word' id='word_1_432' title='bbox 578 4619 616 4672; x_wconf 83' lang='lat' dir='ltr'>od</span> <span class='ocrx_word' id='word_1_433' title='bbox 633 4618 753 4690; x_wconf 76' lang='lat' dir='ltr'>Reisipii</span> <span class='ocrx_word' id='word_1_434' title='bbox 771 4621 850 4674; x_wconf 83' lang='lat' dir='ltr'>sctol.</span> <span class='ocrx_word' id='word_1_435' title='bbox 869 4626 940 4689; x_wconf 76' lang='lat' dir='ltr'>apat.</span> <span class='ocrx_word' id='word_1_436' title='bbox 960 4620 1024 4673; x_wconf 85' lang='lat' dir='ltr'>Lot.</span> <span class='ocrx_word' id='word_1_437' title='bbox 1040 4638 1069 4688; x_wconf 87' lang='lat' dir='ltr'>p.</span> <span class='ocrx_word' id='word_1_438' title='bbox 1086 4623 1136 4671; x_wconf 82' lang='grc'>167</span> <span class='ocrx_word' id='word_1_439' title='bbox 1151 4621 1160 4686; x_wconf 95' lang='grc'>11</span> <span class='ocrx_word' id='word_1_440' title='bbox 1174 4614 1252 4686; x_wconf 86' lang='lat' dir='ltr'>ante]</span> <span class='ocrx_word' id='word_1_441' title='bbox 1272 4630 1291 4668; x_wconf 90' lang='lat' dir='ltr'>a</span> <span class='ocrx_word' id='word_1_442' title='bbox 1309 4616 1339 4668; x_wconf 88' lang='lat' dir='ltr'>te</span> <span class='ocrx_word' id='word_1_443' title='bbox 1353 4618 1394 4677; x_wconf 68' lang='grc' dir='ltr'>ΩΙ</span> 
     </span>
     <span class='ocr_line' id='line_1_41' title="bbox 121 4682 1400 4760; baseline 0.008 -28"><span class='ocrx_word' id='word_1_444' title='bbox 121 4684 162 4732; x_wconf 72' lang='lat'>21.</span> <span class='ocrx_word' id='word_1_445' title='bbox 183 4682 265 4736; x_wconf 85' lang='lat' dir='ltr'>aliter</span> <span class='ocrx_word' id='word_1_446' title='bbox 284 4685 347 4752; x_wconf 84' lang='lat' dir='ltr'>GR,</span> <span class='ocrx_word' id='word_1_447' title='bbox 367 4685 438 4739; x_wconf 85' lang='lat' dir='ltr'>alter</span> <span class='ocrx_word' id='word_1_448' title='bbox 456 4687 493 4740; x_wconf 88' lang='lat' dir='ltr'>M</span> <span class='ocrx_word' id='word_1_449' title='bbox 507 4689 517 4755; x_wconf 93' lang='grc'>11</span> <span class='ocrx_word' id='word_1_450' title='bbox 537 4693 579 4742; x_wconf 78' lang='lat'>22.</span> <span class='ocrx_word' id='word_1_451' title='bbox 599 4689 729 4760; x_wconf 82' lang='lat' dir='ltr'>obscure]</span> <span class='ocrx_word' id='word_1_452' title='bbox 749 4706 792 4743; x_wconf 90' lang='lat' dir='ltr'>-ra</span> <span class='ocrx_word' id='word_1_453' title='bbox 811 4691 851 4756; x_wconf 86' lang='lat' dir='ltr'>M,</span> <span class='ocrx_word' id='word_1_454' title='bbox 872 4708 943 4742; x_wconf 88' lang='lat' dir='ltr'>-rum</span> <span class='ocrx_word' id='word_1_455' title='bbox 964 4691 1019 4745; x_wconf 80' lang='lat' dir='ltr'>GR</span> <span class='ocrx_word' id='word_1_456' title='bbox 1041 4692 1050 4758; x_wconf 96' lang='grc'>11</span> <span class='ocrx_word' id='word_1_457' title='bbox 1073 4697 1115 4744; x_wconf 74' lang='lat'>23.</span> <span class='ocrx_word' id='word_1_458' title='bbox 1135 4689 1246 4743; x_wconf 83' lang='lat' dir='ltr'>litterae</span> <span class='ocrx_word' id='word_1_459' title='bbox 1264 4687 1332 4739; x_wconf 86' lang='lat' dir='ltr'>tuae</span> <span class='ocrx_word' id='word_1_460' title='bbox 1354 4686 1400 4756; x_wconf 76' lang='lat' dir='ltr'>Gll</span> 
     </span>
     <span class='ocr_line' id='line_1_42' title="bbox 121 4753 1399 4831; baseline 0.004 -24"><span class='ocrx_word' id='word_1_461' title='bbox 121 4753 163 4802; x_wconf 74' lang='lat'>⁴25</span> <span class='ocrx_word' id='word_1_462' title='bbox 183 4769 217 4831; x_wconf 65' lang='lat' dir='ltr'>px</span> <span class='ocrx_word' id='word_1_463' title='bbox 236 4757 263 4831; x_wconf 81' lang='lat' dir='ltr'>te</span> <span class='ocrx_word' id='word_1_464' title='bbox 282 4773 332 4807; x_wconf 82' lang='lat' dir='ltr'>om.</span> <span class='ocrx_word' id='word_1_465' title='bbox 352 4756 379 4809; x_wconf 87' lang='lat' dir='ltr'><em>R</em></span> <span class='ocrx_word' id='word_1_466' title='bbox 402 4758 411 4823; x_wconf 94' lang='grc'>11</span> <span class='ocrx_word' id='word_1_467' title='bbox 433 4763 475 4809; x_wconf 70' lang='grc'>26.</span> <span class='ocrx_word' id='word_1_468' title='bbox 496 4774 558 4810; x_wconf 90' lang='lat' dir='ltr'>sum</span> <span class='ocrx_word' id='word_1_469' title='bbox 580 4761 690 4814; x_wconf 81' lang='lat' dir='ltr'>om.1t¹</span> <span class='ocrx_word' id='word_1_470' title='bbox 714 4763 723 4828; x_wconf 97' lang='grc'>11</span> <span class='ocrx_word' id='word_1_471' title='bbox 746 4765 788 4813; x_wconf 72' lang='grc'>27.</span> <span class='ocrx_word' id='word_1_472' title='bbox 810 4760 869 4831; x_wconf 82' lang='lat' dir='ltr'>&lt;a&gt;</span> <span class='ocrx_word' id='word_1_473' title='bbox 889 4764 989 4815; x_wconf 88' lang='lat' dir='ltr'>cuncto</span> <span class='ocrx_word' id='word_1_474' title='bbox 1013 4777 1042 4827; x_wconf 87' lang='grc' dir='ltr'>ς,</span> <span class='ocrx_word' id='word_1_475' title='bbox 1068 4762 1168 4814; x_wconf 86' lang='lat' dir='ltr'>cuncto</span> <span class='ocrx_word' id='word_1_476' title='bbox 1187 4761 1214 4812; x_wconf 82' lang='lat' dir='ltr'>a</span> <span class='ocrx_word' id='word_1_477' title='bbox 1235 4758 1245 4826; x_wconf 90' lang='lat' dir='ltr'>l</span> <span class='ocrx_word' id='word_1_478' title='bbox 1267 4761 1310 4810; x_wconf 78' lang='lat'>28.</span> <span class='ocrx_word' id='word_1_479' title='bbox 1336 4756 1399 4827; x_wconf 83' lang='lat' dir='ltr'>ipse</span> 
     </span>
     <span class='ocr_line' id='line_1_43' title="bbox 121 4820 1402 4902; baseline 0.004 -27"><span class='ocrx_word' id='word_1_480' title='bbox 121 4820 189 4872; x_wconf 82' lang='lat' dir='ltr'>nuhr</span> <span class='ocrx_word' id='word_1_481' title='bbox 203 4825 226 4872; x_wconf 82' lang='grc' dir='ltr'>(ι’</span> <span class='ocrx_word' id='word_1_482' title='bbox 242 4828 250 4889; x_wconf 90' lang='grc'>1</span> <span class='ocrx_word' id='word_1_483' title='bbox 265 4829 415 4883; x_wconf 73' lang='lat' dir='ltr'>assentors</span> <span class='ocrx_word' id='word_1_484' title='bbox 430 4831 439 4895; x_wconf 94' lang='grc'>11</span> <span class='ocrx_word' id='word_1_485' title='bbox 453 4833 495 4880; x_wconf 79' lang='grc'>29.</span> <span class='ocrx_word' id='word_1_486' title='bbox 506 4829 578 4900; x_wconf 83' lang='lat' dir='ltr'>taur]</span> <span class='ocrx_word' id='word_1_487' title='bbox 589 4832 683 4884; x_wconf 87' lang='lat' dir='ltr'>tamen</span> <span class='ocrx_word' id='word_1_488' title='bbox 693 4831 721 4885; x_wconf 87' lang='lat' dir='ltr'><em>R</em></span> <span class='ocrx_word' id='word_1_489' title='bbox 734 4834 743 4899; x_wconf 94' lang='grc'>11</span> <span class='ocrx_word' id='word_1_490' title='bbox 758 4836 799 4884; x_wconf 85' lang='lat'>30.</span> <span class='ocrx_word' id='word_1_491' title='bbox 811 4831 852 4884; x_wconf 92' lang='lat' dir='ltr'>tui</span> <span class='ocrx_word' id='word_1_492' title='bbox 862 4849 912 4885; x_wconf 86' lang='lat' dir='ltr'>om.</span> <span class='ocrx_word' id='word_1_493' title='bbox 923 4832 951 4885; x_wconf 83' lang='lat' dir='ltr'><em>R</em></span> <span class='ocrx_word' id='word_1_494' title='bbox 965 4834 974 4900; x_wconf 96' lang='grc'>11</span> <span class='ocrx_word' id='word_1_495' title='bbox 988 4832 1059 4902; x_wconf 89' lang='lat' dir='ltr'>tam]</span> <span class='ocrx_word' id='word_1_496' title='bbox 1074 4832 1131 4886; x_wconf 88' lang='lat' dir='ltr'>iam</span> <span class='ocrx_word' id='word_1_497' title='bbox 1140 4832 1169 4888; x_wconf 82' lang='lat' dir='ltr'><em>R</em></span> <span class='ocrx_word' id='word_1_498' title='bbox 1182 4831 1192 4900; x_wconf 95' lang='grc'>11</span> <span class='ocrx_word' id='word_1_499' title='bbox 1205 4829 1354 4883; x_wconf 76' lang='lat' dir='ltr'>timente</span> <span class='ocrx_word' id='word_1_500' title='bbox 1364 4829 1402 4884; x_wconf 87' lang='grc' dir='ltr'><em>Μ</em></span> 
     </span>
    </p>
   </div>
   <div class='ocr_carea' id='block_1_6' title="bbox 0 0 1671 5460">
    <p class='ocr_par' dir='ltr' id='par_1_8' title="bbox 0 0 1671 5460">
     <span class='ocr_line' id='line_1_44' title="bbox 0 0 1671 5460; baseline 0 0"><span class='ocrx_word' id='word_1_501' title='bbox 0 0 1671 5460; x_wconf 95' lang='lat' dir='ltr'> </span> 
     </span>
    </p>
   </div>
  </div>
 </body>
</html>
