3314 5460
203 384 268 449 364
655 383 691 438 Μ.
712 383 816 437 TVLLI
837 381 1026 438 CICERONIS

202 571 262 615 avo
283 587 324 595 —
345 552 395 615 est
418 548 505 613 enim
529 528 735 613 nobilissima
757 547 883 613 familia
902 572 959 612 -ε
983 551 1182 633 quapropter
1204 547 1398 615 commendo
1425 547 1491 612 tibi

202 657 359 722 maiorem
383 657 417 722 in
447 657 578 722 modum
607 679 675 722 rem
704 656 900 742 domumque
929 655 997 720 eius
1026 677 1209 741 magnoque
1239 677 1335 741 opere
1366 677 1427 740 aps
1458 658 1491 719 tc

203 769 294 849 peto,
323 787 428 849 aurea,
456 768 493 828 ut
521 765 549 829 is
573 764 746 850 intellegat
773 786 879 829 meam
908 763 1222 830 commendationem
1248 763 1392 829 maximo
1424 762 1490 828 sibi

204 872 288 957 apud
315 875 345 936 te
369 877 403 938 et
427 872 613 938 adiumento
637 876 671 937 et
694 875 885 938 ornamento
909 871 1019 937 fuisse.

703 1086 838 1152 xxxv.
874 1083 979 1174 (274.)

496 1229 657 1296 cronno
682 1228 830 1297 nmmo
855 1227 1137 1296 PnoooNsvm
1162 1228 1192 1295 s,

169 1395 180 1442 1
291 1375 326 1441 O.
349 1374 506 1439 Avianius
536 1374 735 1438 Philoxenus
765 1373 928 1457 antiquus
947 1377 997 1438 est
1024 1374 1143 1458 hospes
1173 1395 1262 1439 meus
1291 1380 1325 1438 et
1353 1378 1489 1459 praeter

201 1483 383 1568 hospitium
416 1483 508 1547 valde
541 1483 640 1547 etiam
673 1479 858 1566 familiaris,
891 1502 987 1565 quem
1016 1479 1135 1546 Caesar
1162 1504 1233 1546 meo
1262 1481 1424 1547 beneficio
1454 1482 1489 1546 in

202 1588 458 1656 Novocomensis
492 1589 637 1672 rettulit;
674 1609 792 1652 nomen
826 1593 935 1653 autern
969 1587 1100 1653 Avianii
1135 1592 1265 1654 secutus
1300 1593 1364 1674 est,
1399 1590 1489 1674 quod

200 1698 331 1763 homine
364 1697 454 1763 nullo
487 1698 559 1783 plus
593 1700 643 1761 est
675 1717 752 1759 usus
786 1717 884 1780 quam
917 1695 1033 1761 Flacco
1067 1695 1222 1781 Aviani0,
1254 1719 1342 1782 meo,
1375 1714 1533 1782 quem-10

202 1806 375 1871 admodum
398 1810 430 1870 te
455 1805 538 1871 scire
562 1804 713 1887 arbitror,
736 1803 1006 1868 familiarissimo:
1031 1825 1112 1887 quae
1137 1824 1198 1889 ego
1223 1803 1334 1869 omnia
1357 1803 1490 1890 collegi,

201 1918 239 1977 ut
268 1913 476 1999 intellegeres
509 1934 573 1976 non
603 1911 769 1997 vulgarem
803 1933 873 1976 esse
907 1911 1220 1976 commendationem
1251 1911 1337 1976 hanc
1369 1933 1488 1976 meam.

166 2026 277 2105 apeto
301 2021 404 2106 igitur
428 2024 548 2104 apale,
571 2025 607 2082 ut
627 2018 778 2083 omnibus
803 2018 910 2105 rebus,
933 2019 1018 2103 quod
1044 2019 1112 2083 sine
1132 2019 1284 2083 molestia
1302 2022 1360 2083 tua
1378 2017 1489 2083 facere

202 2128 324 2212 possis,
348 2128 378 2191 ei
402 2126 586 2192 commodes
609 2125 795 2209 habeasque
818 2125 1011 2191 innumero
1036 2131 1167 2190 tuorum
1191 2125 1422 2210 perficiasque,
1452 2131 1490 2190 ut

201 2234 372 2319 intellegat
394 2233 454 2298 has
485 2233 613 2297 IItteras
642 2255 730 2297 meas
761 2255 881 2318 magno
911 2233 975 2298 sibi
1002 2232 1076 2298 usui
1104 2231 1218 2297 fuisse:
1251 2233 1313 2297 erit
1342 2232 1374 2296 id
1406 2232 1489 2297 mihi
1506 2248 1530 2288 1⁵

201 2342 356 2407 maiorem
380 2341 413 2406 in
437 2341 569 2406 modum
595 2343 735 2426 gratum.

696 2535 845 2602 xxxvl.
880 2535 982 2622 (aas.)

470 2696 652 2780 <cronno
676 2696 825 2763 Aorno
852 2696 1134 2764 ruooousvm
1161 2697 1215 2784 s>

168 2878 180 2925 1
291 2861 373 2928 Cum
393 2860 560 2925 Demetrio
580 2859 677 2945 Mega
699 2860 780 2924 mihi
799 2865 964 2925 vetustum
986 2860 1169 2945 hospitium
1192 2866 1252 2948 est,
1274 2861 1488 2927 familiaritas

200 2975 310 3034 autern
339 2973 446 3052 tanta,
476 2972 600 3051 quanta
627 2990 700 3032 cum
730 2965 838 3033 Siculo
867 2967 966 3032 nullo.
1010 2968 1039 3032 ei
1063 2968 1235 3034 Dolabella
1263 2973 1384 3055 rogatu
1415 2993 1488 3035 meo
1504 3000 1530 3038 ao

201 3076 366 3141 civitatem
392 3097 410 3138 a
430 3072 566 3139 Caesare
591 3074 788 3159 impetravit,
812 3095 875 3158 qua
899 3075 934 3139 in
957 3097 991 3140 re
1011 3097 1072 3162 ego
1093 3075 1240 3161 interfui3
1263 3076 1377 3161 itaque
1401 3099 1488 3142 nuuc

202 3183 235 3246 P.
256 3181 426 3247 Cornelius
456 3186 603 3264 vocatur;
634 3203 770 3267 cumque
799 3187 933 3267 propter
962 3183 1120 3266 quosdam
1149 3183 1296 3249 sordidos
1325 3183 1488 3268 homines,

201 3289 257 3373 qui
281 3287 429 3354 Caesaris
454 3287 610 3353 beneficia
633 3287 828 3374 vendebant,
857 3290 1018 3375 tabulam,
1049 3290 1083 3355 in
1107 3313 1171 3375 qua
1193 3290 1328 3355 nomiua
1351 3291 1488 3356 civitate

201 3396 395 3462 donatorum
428 3396 530 3460 incisa
562 3399 685 3478 essent,
723 3396 833 3461 revelli
865 3396 1031 3480 iussisset,
1070 3398 1173 3463 eidem
1206 3397 1401 3487 Dolabellae
1435 3422 1488 3464 me

201 3504 350 3569 audiente
371 3502 490 3567 Caesar
509 3502 591 3566 dixit
609 3501 691 3566 nihil
712 3524 790 3588 esse,
812 3504 897 3590 quod
917 3505 955 3569 de
975 3504 1072 3590 Mega
1091 3510 1264 3589 vereretur,
1286 3504 1488 3571 beneficium
1501 3536 1526 3575 τε

90 3618 92 3623 ’
166 3628 296 3676 esuum
321 3611 354 3675 in
378 3632 416 3674 co
441 3632 578 3674 manere.
619 3609 682 3674 hoc
705 3614 738 3673 te
763 3610 845 3675 scire
869 3611 970 3696 uolui,
1000 3616 1038 3676 ut
1066 3635 1140 3677 eum
1162 3613 1198 3676 in
1221 3613 1342 3677 civium
1366 3611 1488 3679 Roma·

200 3741 316 3783 uorum
339 3739 473 3782 numero
497 3717 644 3800 haberes,
668 3716 850 3801 ceterisque
871 3716 905 3781 in
925 3719 1021 3784 rebus
1042 3718 1103 3783 tibi
1123 3741 1197 3784 eum
1217 3719 1264 3783 ita
1283 3722 1488 3806 commendo,

202 3830 237 3890 ut
262 3824 382 3889 maiore
402 3822 510 3888 studio
530 3824 692 3890 neminem
712 3825 975 3890 commendarim.
1012 3825 1237 3912 gratissimum
1257 3828 1338 3892 mihi
1359 3829 1488 3915 feceris,

201 3933 228 3995 si
253 3955 326 3996 eum
350 3931 589 4016 detractoris,
621 3937 657 3995 ut
686 3931 858 4016 intellegat
886 3954 991 3998 meam
1020 3933 1334 3999 commendationem
1365 3958 1487 4022 magno

201 4038 264 4102 sibi
288 4044 480 4104 ornamento
504 4039 614 4103 fuisse.
1501 4076 1527 4116 ω

289 4220 313 4268 ⁶3.
333 4213 362 4266 in
376 4213 512 4268 maiorem
526 4213 640 4267 modurn
655 4214 689 4267 11
699 4217 708 4282 ΙΙ
722 4220 745 4268 4.
767 4215 843 4284 apud
857 4218 885 4269 tc
900 4235 950 4272 om.
967 4217 1001 4270 H
1011 4221 1020 4287 II
1036 4223 1058 4272 7.
1075 4218 1103 4272 C.
1118 4217 1268 4289 Avianius]
1285 4217 1433 4273 canianns
1445 4221 1487 4286 Μ,

199 4286 229 4340 I'.
247 4285 365 4339 anianus
385 4286 426 4352 D,
456 4284 574 4338 anianus
599 4287 633 4339 Η
657 4287 665 4351 ΙΙ
694 4293 717 4340 9.
743 4286 975 4359 Novocomensis]
1000 4306 1074 4342 nouo
1098 4289 1215 4344 comesis
1237 4293 1272 4344 Ψ,
1309 4297 1427 4346 cetcmm
1452 4294 1488 4358 cs.

199 4359 350 4412 Mouuuscu
371 4357 398 4412 C.
414 4359 437 4410 Ι.
454 4359 487 4411 L.
507 4357 562 4409 V2
579 4375 607 4425 1).
624 4363 675 4409 565
699 4360 708 4425 ΙΙ
731 4358 829 4411 ret-ulit
848 4359 909 4412 HD
931 4363 940 4429 ΙΙ
963 4377 1065 4415 nomen
1089 4362 1195 4432 autem]
1222 4364 1256 4428 ct'.
1277 4362 1432 4417 Mommsen
1454 4365 1488 4418 ‘r.

200 4429 326 4484 Stoatsr!
348 4429 386 4482 III
401 4447 431 4497 p.
448 4434 490 4494 64,
512 4428 619 4498 Caonot
638 4429 728 4482 ‘roura
746 4431 933 4500 d'c'piyrupbic
952 4433 1047 4486 Iutr'ae'
1064 4451 1093 4501 p.
1112 4433 1164 4485 752
1178 4436 1187 4502 fl
1201 4432 1310 4486 anianii
1325 4433 1369 4500 Μ,
1390 4433 1488 4488 aniani

199 4499 246 4552 hic
265 4500 326 4552 HD
352 4501 362 4568 ss
392 4505 432 4552 10.
453 4498 566 4553 aulanio
586 4499 658 4575 MD,
680 4499 781 4552 arriano
802 4503 834 4554 H
859 4504 868 4568 II
897 4509 936 4555 13.
958 4502 1086 4556 omnibus
1107 4503 1179 4576 (in)
1198 4522 1220 4559 r.
1240 4504 1337 4558 Kleru
1360 4507 1403 4572 (p.
1419 4508 1467 4573 50)

201 4576 241 4623 14.
263 4571 495 4625 commendandi
519 4573 527 4638 ΙΙ
557 4577 597 4623 18.
617 4574 796 4641 epr'slulorum
816 4578 858 4627 36.
879 4580 920 4627 37.
941 4580 982 4628 38.
1003 4580 1045 4629 39.
1072 4578 1150 4630 r'arcr.
1175 4592 1223 4629 om.
1244 4575 1282 4628 M
1314 4619 1319 4629 .
1355 4575 1487 4631 CICERO

200 4641 318 4695 ACILIO
339 4643 368 4695 D
381 4645 390 4711 II
405 4649 446 4697 19.
467 4642 624 4697 Cum-21.
644 4642 761 4697 interfui
779 4661 828 4698 om.
850 4644 884 4696 H
894 4648 902 4712 ΙΙ
918 4651 959 4699 19.
980 4648 1060 4699 uetus
1079 4646 1109 4700 1)
1122 4650 1132 4715 11
1146 4653 1187 4700 21.
1207 4646 1317 4718 itaque]
1338 4649 1375 4712 cf.
1394 4650 1432 4703 ad
1446 4668 1486 4718 ep.

201 4716 277 4771 35,1
301 4716 311 4779 11
335 4719 376 4767 23.
396 4714 524 4767 tabulam
543 4713 573 4767 in
592 4731 649 4782 qua
667 4716 728 4786 cet]
755 4717 788 4781 cf.
808 4717 958 4770 Morcus-cre
979 4719 1012 4772 ‘r.
1032 4718 1159 4772 btocrlsr!
1180 4718 1254 4788 1³12.
1271 4722 1322 4770 266
1348 4723 1357 4786 u
1381 4724 1425 4775 24.
1445 4736 1487 4773 re-

200 4780 270 4835 belli
282 4784 324 4862 ‚M
343 4787 353 4851 η
375 4784 524 4838 iussissent
544 4789 573 4838 Ψ
590 4789 599 4853 ΙΙ
618 4792 659 4839 25.
681 4786 714 4839 de
734 4802 816 4867 mega
835 4791 978 4841 uererotur
997 4790 1038 4854 M,
1059 4788 1195 4843 demetrio
1213 4791 1384 4859 grauaretnr
1405 4790 1466 4844 HD
1479 4796 1488 4861 .ss

201 4858 243 4906 26.
264 4852 369 4906 ciuium
388 4856 457 4924 HD,
478 4855 534 4909 ciui
553 4858 589 4910 Μ
599 4859 609 4926 I
623 4863 664 4911 27.
685 4875 749 4912 eum
768 4857 822 4911 tibi
840 4859 870 4912 D
883 4862 892 4928 ss
907 4866 949 4915 30.
969 4859 1024 4914 sibi
1043 4861 1113 4929 111),
1131 4878 1181 4916 om.
1200 4861 1239 4916 Μ
