3314 5460
675 361 888 416 rainririo.
1124 440 1126 444 λ
1362 363 1426 415 xiii

144 544 186 586 ex
209 523 256 586 eis
275 544 358 606 qnos
381 523 633 587 memoravimus
657 524 823 589 codicibus
846 524 894 588 hi:
918 526 1089 609 utriusque
1110 525 1214 609 partis
1235 525 1317 590 Med.
1331 526 1384 607 49,
1398 526 1429 607 9,

143 627 266 712 prioris
289 628 485 694 Harleicaus
504 630 591 694 2773
615 634 649 694 et
672 630 841 696 Parisinus
863 633 985 714 17812,
1020 632 1210 717 posterioris
1236 632 1430 697 Harleiunus

142 819 268 874 nobilem
288 822 430 888 quendam
445 821 547 875 Italum
566 821 687 889 litterae,
707 822 809 890 quibus
827 822 931 892 ‘plures
946 823 1086 878 Ciceronis
1102 823 1254 877 orationes'
1272 826 1431 893 -praeter

143 890 328 960 Ligarianam
346 909 432 961 quain
446 892 590 946 Florentia
608 894 691 947 modo
711 897 905 963 acceperat-
924 896 968 948 ‘ac
987 895 1122 965 epistolas
1139 912 1205 948 suas
1220 895 1430 963 quanticunque

143 962 335 1016 constiterint'
356 963 470 1033 expetit.
505 964 606 1017 deinde
626 965 688 1034 ipsa
712 964 763 1017 illa
786 982 870 1033 qnam
895 966 1010 1020 exhibet
1032 965 1222 1019 miscellarum
1246 965 1431 1035 epistularum

142 1033 290 1102 notitiam,
314 1051 364 1104 per
387 1035 535 1089 verborum
558 1035 673 1104 quidem
696 1035 946 1090 conformationem
971 1037 1007 1090 ad
1026 1037 1184 1090 Mediceum
1206 1037 1313 1090 fontem
1336 1039 1431 1106 potest

143 1105 222 1158 haud
241 1122 324 1175 aegre
344 1106 449 1160 referri.
482 1109 514 1159 ut
536 1107 611 1159 enim
635 1107 782 1160 mittamus
805 1107 956 1161 frustulum
979 1125 1013 1161 ex
1036 1124 1079 1177 ep.
1095 1108 1167 1176 XIV,
1182 1114 1243 1175 3,5
1267 1108 1428 1177 decerptum

143 1183 202 1245 (ap.
213 1175 350 1230 'l'hoinam
365 1196 391 1246 p.
403 1184 444 1244 57,
455 1180 490 1246 a),
510 1194 583 1245 quae
598 1177 627 1230 in
640 1177 764 1247 epistula
778 1178 815 1231 ad
829 1179 961 1232 Ioannem
976 1179 1128 1233 Gereonem
1142 1179 1211 1232 data
1225 1182 1281 1260 (ap.
1293 1178 1429 1231 Thomani

143 1266 169 1317 p.
189 1252 252 1316 107)
270 1264 304 1300 ex
318 1247 374 1302 Cic.
391 1266 432 1318 ep.
448 1248 468 1317 Ι,
484 1255 509 1315 9,
526 1255 558 1301 is
577 1249 614 1302 ab
630 1248 680 1301 illo
695 1249 855 1303 excitantur
868 1250 955 1304 verba
969 1250 1025 1319 l‘at
1039 1267 1113 1317 vero,
1132 1249 1251 1320 insignis
1265 1254 1430 1319 praeceptor

143 1317 195 1384 mi,
215 1319 361 1372 occasione
380 1323 458 1373 certa
476 1318 545 1372 data
565 1323 596 1372 ut
615 1320 813 1389 adligandum
828 1321 867 1373 im
887 1321 1072 1374 resentiarum
1087 1321 1290 1374 committerem
1304 1320 1429 1389 ejusdem

143 1388 287 1443 Ciceronis
306 1390 489 1459 epistolarum
508 1391 665 1460 portionem
684 1409 748 1444 cnm
766 1340 909 1444 nonnuliis
929 1409 977 1445 sue
997 1391 1134 1445 industrie
1154 1391 1218 1445 aliis
1233 1391 1373 1461 operibus,
1392 1391 1429 1444 ad

143 1464 325 1530 conspectum
344 1478 438 1514 meum
456 1478 516 1515 sese
535 1478 602 1515 casn
617 1461 706 1531 ipsius
721 1461 862 1516 Ciceronis
878 1463 1034 1533 injecerunt
1048 1463 1104 1516 ista
1118 1464 1217 1518 verba:
1237 1462 1305 1517 Cum
1319 1461 1429 1515 Vatinii

144 1531 316 1585 defendendi
345 1532 476 1586 stimulus
504 1532 589 1586 michi
615 1536 702 1600 esset,
731 1534 765 1587 de
789 1550 844 1601 qao
868 1534 897 1586 in
918 1533 1026 1603 judicio
1050 1551 1114 1586 cum
1137 1533 1217 1586 illuni
1242 1533 1428 1600 defenderem,

145 1602 256 1655 dixi-
271 1603 393 1671 denique
412 1620 463 1673 par
481 1603 544 1674 pari
563 1604 673 1672 referto,
693 1604 768 1672 quod
788 1620 849 1658 eam
868 1606 1030 1674 mordeat'),
1049 1622 1083 1659 ea
1101 1604 1255 1658 notabilem
1271 1621 1288 1657 a
1302 1604 1428 1658 Mediceo

144 1673 336 1728 differentiam
354 1675 461 1728 habent
479 1675 551 1728 hanc
571 1692 656 1728 unam
675 1676 750 1743 quod
773 1675 803 1728 in
826 1675 926 1729 ultimo
948 1693 1031 1729 versu
1057 1677 1128 1746 ‘pro'
1149 1692 1224 1744 voc,
1252 1675 1326 1743 qnod
1351 1677 1429 1728 extat

144 1745 174 1797 in
193 1746 232 1813 M,
252 1745 288 1799 ab
307 1747 412 1799 loanne
430 1746 578 1800 omittitur.
612 1749 643 1799 at
661 1763 729 1800 cave
752 1764 787 1800 ne
809 1746 955 1801 omissioni
978 1747 1096 1800 nimium
1119 1746 1240 1800 tribuas:
1270 1749 1315 1798 sat
1338 1746 1429 1799 multa

142 1817 221 1869 enim
240 1817 268 1870 M
288 1818 452 1887 apographa
470 1817 568 1871 eodem
583 1817 666 1870 modo
680 1821 806 1888 peccant.
841 1818 877 1871 ab
891 1818 995 1871 Ioanne
1011 1820 1121 1887 autem,¹
1133 1817 1354 1871 familiarissimo
1369 1834 1428 1885 suo,
1463 1816 1469 1825 '

143 1891 240 1957 potest
258 1888 393 1958 epistulae
418 1888 482 1941 illas
507 1888 648 1957 accepisse
667 1888 801 1942 Nicolaus
825 1889 859 1942 de
879 1888 1062 1958 Clemangiis,
1087 1889 1170 1942 homo
1195 1888 1375 1956 antiquitatis
1400 1890 1429 1942 et

144 1959 529 2084 iqplssseastudiostiptiffipigt
547 1959 850 2085 ¹3⁰²gr¹1pi³⁵12rffi>
889 1960 922 2083 idl
941 1965 1048 2085 bergine
1071 1961 1105 2013 de
1130 1959 1345 2084 uplatCiceroms
1367 1959 1427 2081 'elpiss

143 2047 692 2169 'frustulumpi‘osctavianiffliiuie‘iilavus
716 2048 914 2172 drginteriiqsi(
933 2048 1135 2172 paiervidiiiiis
1159 2048 1427 2181 aiiiiblibquid,

144 2172 231 2225 sicuti
258 2173 328 2225 haec
351 2171 460 2226 Tullius
488 2178 565 2226 certa
592 2173 738 2226 occasione
767 2174 867 2226 oborta
889 2173 925 2226 ad
950 2174 1070 2227 eundern
1093 2173 1280 2227 Octavianam
1303 2173 1427 2226 scribens

146 2244 331 2313 improperat)
349 2243 360 2296 i
380 2261 409 2297 se
429 2244 521 2297 adfert
539 2245 657 2298 Ioannes
675 2260 718 2314 ep.
734 2250 767 2296 45
787 2248 843 2314 (ap.
863 2245 990 2298 Martene
1013 2249 1042 2298 et
1062 2244 1177 2297 Durand
1198 2245 1263 2297 ‘vet
1284 2243 1338 2296 scri
1359 2246 1379 2297 t.
1399 2247 1428 2296 et

127 2317 221 2369 ‘mon
235 2313 320 2385 ampl.
331 2262 405 2369 coil)
421 2318 442 2370 t.
452 2315 478 2368 Π
492 2335 518 2385 p.
532 2320 624 2384 1408):
639 2315 800 2370 Pseudocic.
810 2332 854 2385 ep.
865 2316 902 2368 ad
915 2316 975 2370 Oct.
991 2322 1032 2381 §9
1049 2349 1089 2384 -,
1104 2333 1189 2384 quain
1204 2333 1267 2367 cuin
1277 2262 1427 2368 Galtberus

145 2385 264 2454 quidam
281 2388 357 2438 furto
376 2385 432 2438 sibi
451 2386 487 2438 ab
506 2386 609 2439 Ioanne
629 2386 756 2440 ablatam
774 2403 834 2440 esse
854 2386 1061 2456 indignaretur,
1088 2387 1112 2439 is
1136 2386 1178 2439 ita
1201 2403 1230 2439 se
1248 2388 1352 2455 purgat
1371 2389 1426 2455 (ap.

146 2456 283 2510 Thomam
302 2476 328 2527 p.
344 2461 403 2525 61):
431 2456 558 2526 ‘Copiam
581 2457 676 2510 nescio
699 2457 845 2526 cujusdam
869 2457 987 2528 epistole
1007 2457 1146 2512 Ciceronis
1170 2457 1257 2510 audes
1281 2458 1427 2509 temerarie

148 2528 240 2582 dicere
259 2527 355 2581 furtim
373 2544 417 2580 mc
436 2531 466 2581 et
484 2528 635 2582 infideliter
653 2528 814 2583 retinuisse!
835 2572 884 2583 ...
918 2529 1018 2582 Verius
1042 2546 1107 2582 vero
1132 2528 1205 2598 ipse,
1230 2531 1262 2580 ut
1284 2527 1356 2580 bene
1379 2545 1427 2597 ap·

149 2598 251 2666 pellas,
270 2617 320 2652 vas
339 2597 512 2667 eloquentie,
531 2598 615 2652 imino
635 2599 731 2666 decus,
760 2600 852 2669 gloria
870 2602 899 2653 et
917 2603 1112 2653 ornamentum
1135 2602 1260 2652 nostrum
1278 2601 1374 2651 noster
1393 2601 1427 2651 de

152 2667 319 2739 Clamengiis
339 2669 368 2722 in
383 2670 544 2723 Ambrosini
562 2670 721 2740 receptione
741 2670 898 2724 litterarum
918 2670 1069 2724 casualiter
1088 2673 1149 2724 erat
1167 2687 1283 2737 mecum,
1303 2669 1352 2736 qui
1366 2685 1426 2738 pre·

155 2739 254 2794 dictam
272 2740 360 2794 Tullii
378 2741 536 2810 epistolam,
556 2742 591 2795 ob
611 2758 696 2809 quani
714 2742 755 2794 sic
773 2742 926 2812 objurgans
945 2741 1067 2795 turbaris
1087 2747 1116 2795 et
1134 2741 1251 2811 ineptis,
1271 2740 1427 2809 asportavit

157 2813 184 2861 et
200 2811 275 2864 illam
292 2811 385 2865 hercle
403 2812 529 2865 habebat
547 2813 680 2882 temporis
695 2813 850 2866 intersticio
865 2830 920 2880 quo
935 2812 988 2866 tibi
1003 2813 1144 2882 rescripsi'
1163 2846 1193 2851 —
1209 2811 1258 2864 ubi
1272 2810 1427 2864 notandum

161 2880 331 2936 ‘imbrosini’
357 2900 470 2951 nornen,
496 2884 514 2938 i.
534 2901 557 2938 e.
581 2883 646 2936 Itali
669 2884 803 2952 hominis,
828 2891 845 2937 a
867 2901 922 2952 quo
946 2884 1044 2937 loanni
1067 2882 1190 2953 epistula
1213 2882 1353 2936 Ciceronis
1377 2881 1428 2935 illo

164 2952 314 3007 trmsinissa
332 2958 401 3009 crat.
434 2957 499 3007 utut
517 2957 573 3022 est,
600 2955 711 3023 utrique
730 2955 837 3009 homini
856 2955 939 3008 docto
963 2954 1106 3008 miscellae
1125 2954 1265 3008 Ciceronis
1290 2953 1428 3024 epistulae

167 3028 238 3077 notae
250 3029 327 3079 erant
341 3043 366 3080 a.
382 3032 459 3079 1407.
493 3043 525 3079 eo
540 3026 615 3079 enim
630 3043 703 3079 anno
718 3032 753 3093 (v.
765 3024 852 3096 Voigt
865 3045 935 3079 nius.
951 3026 1038 3079 llhcn.
1055 3026 1169 3079 XXXVI
1183 3045 1209 3095 p.
1220 3030 1284 3093 ira)
1300 3024 1428 3094 Lingona

171 3094 252 3148 scribit
267 3097 364 3150 loanni
383 3096 516 3150 Nicolaus
536 3101 564 3165 (o
586 3142 590 3151 .
610 3097 652 3151 ed.
667 3097 780 3166 Lydius.
798 3104 874 3153 1613.
894 3115 936 3167 ep.
952 3101 1010 3167 ⁸23):
1037 3097 1166 3150 ‘Iohanni
1189 3113 1239 3149 suo
1263 3095 1427 3149 charissimo

170 3161 283 3220 Nicolaus
301 3168 422 3221 salutem
441 3168 518 3222 dicit.
552 3117 635 3222 rioci
654 3185 719 3222 suas
738 3168 899 3222 Ciceronem
918 3167 1053 3238 epistolas
1072 3168 1126 3221 tali
1144 3185 1220 3221 more
1239 3166 1338 3235 ordiri,
1357 3184 1427 3235 quas

173 3249 241 3299 penes
256 3244 281 3292 te
299 3258 348 3309 pro
368 3257 471 3309 magua
489 3239 617 3309 portione
636 3239 723 3293 habes
744 3283 860 3294 ......
894 3239 961 3293 Cum
981 3243 1076 3292 tamen
1095 3239 1190 3293 Cicero
1210 3238 1270 3308 ipse
1287 3238 1323 3290 ad
1339 3255 1427 3307 reges,

174 3304 206 3356 ad
216 3310 335 3379 consules,
355 3311 392 3364 ad
407 3328 516 3364 summa
530 3310 647 3381 imperia
663 3311 786 3364 scribens
801 3311 851 3363 illo
865 3310 998 3378 loquendi
1013 3327 1114 3379 genere
1129 3328 1195 3362 usus
1210 3309 1380 3362 inveniatiir’
1395 3342 1425 3349 -

175 3390 233 3440 quae
247 3383 325 3435 verba
343 3399 400 3435 non
417 3385 536 3453 possunt
553 3381 649 3435 referri
664 3382 719 3435 nisi
734 3382 771 3435 ad
786 3383 837 3435 lias
852 3381 988 3451 epistulas
1004 3414 1035 3421 —
1052 3385 1081 3435 et
1095 3381 1236 3436 Gonthero
1252 3379 1332 3447 Colli,
1350 3381 1428 3450 regio

176 3453 298 3506 secretario
317 3462 353 3523 (v.
368 3454 490 3506 Thomas
510 3473 535 3523 p.
551 3458 610 3522 80),
630 3471 672 3522 ep.
687 3459 734 3508 26:
760 3453 820 3506 ‘sed
844 3453 977 3521 quoniam
1001 3453 1035 3506 de
1054 3452 1243 3506 familiaribus
1262 3451 1345 3504 rebus
1364 3468 1427 3504 con·

175 3515 312 3577 leniendas
331 3524 402 3578 adeo
422 3529 503 3594 putes
523 3524 633 3577 litteras
653 3528 702 3577 aut
722 3524 827 3593 scripta
845 3524 880 3577 de
900 3523 956 3576 illis
976 3524 1062 3592 edita,
1082 3524 1143 3593 lege
1158 3523 1305 3576 Tullianae
1325 3523 1427 3592 episto-

176 3582 218 3654 las,
233 3596 255 3644 et
269 3595 329 3649 illas
348 3596 455 3649 maiore
474 3613 508 3649 ex
547 3599 607 3648 arte
626 3595 736 3649 videbis
756 3596 790 3648 de
805 3613 856 3648 sna
870 3599 920 3648 aut
934 3595 1087 3648 amicornm
1103 3612 1215 3648 suorum
1229 3611 1258 3647 re
1273 3594 1428 3647 domestica

177 3664 332 3735 courripiis,
359 3670 502 3720 ettamen
523 3665 587 3720 'lae
606 3666 743 3747 epistolae
761 3666 849 3736 pluris
869 3666 945 3736 apud
963 3666 1111 3736 plerosque
1135 3665 1321 3719 aestimantur
1343 3682 1428 3733 quani

176 3726 287 3793 cineae
301 3739 408 3792 Annaei
423 3738 554 3805 Senecae,
573 3756 622 3806 qui
637 3754 686 3790 suo
700 3737 790 3791 brevi’
808 3741 859 3792 cet.
877 3769 908 3778 -
924 3755 979 3805 quo
993 3737 1055 3791 loco
1070 3737 1200 3805 equidem
1222 3735 1428 3805 ‘plerorumque
1540 3791 1544 3797 ,

176 3801 385 3879 &limationem
412 3809 500 3862 nolim
528 3809 646 3862 nimium
673 3809 768 3877 premi.
807 3810 876 3877 quot
898 3811 1015 3877 uterque
1039 3808 1149 3861 noverit
1171 3807 1257 3861 libros
1282 3807 1427 3876 incertum,

176 3880 356 3952 111211qi0dex
379 3881 469 3951 primo
493 3884 522 3932 et
543 3884 644 3949 quarto
665 3880 772 3934 decimo
791 3880 945 3949 particulas
969 3880 1062 3933 adfert
1080 3880 1211 3945 Ioannes,
1235 3881 1267 3931 ut
1290 3879 1314 3931 is
1338 3878 1428 3931 videri

176 3949 248 4023 Malli
262 3949 343 4005 libros
358 3952 470 4005 i-xvi
489 3951 629 4006 habuisse.
664 3955 694 4004 ut
712 3951 800 4021 igitur
817 3951 905 4004 etiam
924 3950 977 4004 hoc
996 3951 1025 4003 iii
1044 3951 1136 4004 medio
1159 3950 1347 4018 relinquatur,
1371 3967 1427 4003 non

176 4015 289 4095 inutiliter
306 4023 445 4092 scriptura
463 4041 548 4090 quam
567 4023 596 4075 in
616 4023 742 4092 ep.l,9,
759 4028 791 4075 19
811 4022 928 4075 Ioannes
947 4022 1085 4090 sequitur,
1113 4024 1294 4091 componetur
1317 4025 1346 4074 et
1365 4039 1428 4073 cuni

177 4078 277 4145 thlceo
295 4100 371 4161 is,a
395 4097 424 4147 et
447 4111 510 4147 cuin
528 4093 679 4148 Harleiano
699 4099 769 4147 27ἵὸ
788 4093 834 4163 (G)
857 4094 1040 4162 Parisinoque
1060 4098 1145 4147 lisia
1165 4094 1223 4162 (lt),
1252 4096 1429 4161 quo-pateat

177 4165 236 4225 ΘΜ,
257 4180 313 4217 cnm
331 4166 444 4219 omnino
463 4183 519 4218 non
537 4165 627 4236 possit
649 4165 771 4219 derivari
794 4182 828 4218 eii
848 4165 884 4233 G,
909 4182 927 4217 a
945 4165 974 4218 Μ
998 4182 1053 4217 non
1076 4164 1167 4234 magis
1191 4165 1319 4217 recedere
1343 4180 1427 4231 quani

177 4223 399 4301 ²vau1i³¹me¹¹
418 4254 474 4290 non
492 4240 570 4290 tenet
589 4237 643 4289 nisi
661 4236 749 4290 libros
768 4240 830 4289 octo
849 4236 964 4305 priores.
997 4239 1041 4290 est
1054 4236 1142 4306 igitur
1156 4235 1238 4290 haec:
1258 4234 1428 4288 defendendi

179 4294 275 4370 ,Gfflts
293 4314 332 4377 ts:
352 4308 517 4379 apographa
530 4327 545 4362 e
559 4308 588 4361 Μ
607 4309 704 4375 facta),
723 4307 837 4361 defendi
853 4308 889 4360 M
899 4311 908 4378 ΙΙ
921 4324 1006 4376 quom
1026 4307 1120 4388 illurn]
1138 4324 1223 4375 quani
1242 4306 1260 4360 i.
1275 4307 1346 4374 MC,
1365 4324 1428 4359 cnm

178 4379 194 4415 ¹·
206 4367 243 4449 lo,
257 4379 364 4445 quando
379 4379 397 4435 i.
414 4381 442 4434 R
456 4386 465 4448 ll
479 4379 614 4448 quiddam
629 4381 698 4447 MR,
718 4379 832 4447 quidem
846 4381 897 4447 Io,
916 4398 966 4433 om.
984 4381 1009 4433 G
1023 4382 1032 4448 ΙΙ
1046 4377 1205 4431 nominabit
1218 4378 1319 4446 Blae,
1339 4379 1427 4431 norni-

177 4446 240 4495 narii
252 4449 304 4505 ΜΘ
318 4456 328 4522 fl
341 4451 366 4505 si
384 4451 498 4520 qnando
517 4451 568 4503 illa
587 4451 663 4504 dicet
681 4450 846 4520 phaedriam
860 4448 974 4516 Maro,
994 4450 1018 4502 si
1036 4450 1112 4517 qnod
1128 4447 1207 4501 illam
1222 4448 1369 4518 phedriam
1385 4450 1428 4519 Gli

178 4516 322 4583 pamphilam
341 4523 488 4591 Manio,
508 4526 539 4575 tu
557 4541 584 4591 p.
603 4525 709 4592 aliquot
727 4539 743 4579 ς
766 4526 775 4590 ΙΙ
797 4538 916 4590 parpro
936 4521 1094 4591 perimi,
1123 4537 1174 4589 par
1192 4520 1253 4590 pari
1274 4521 1341 4576 Gla.
1353 4539 1377 4579 ς.
1394 4553 1426 4561 -

178 4581 273 4644 cetrum
290 4593 317 4646 in
337 4610 380 4717 ep.
396 4599 430 4646 64
445 4594 481 4647 ad
496 4593 617 4647 amicum
631 4593 771 4661 quendam
786 4592 922 4646 incertum
937 4608 992 4659 quo
1007 4595 1130 4660 tempore
1146 4591 1214 4644 data
1228 4594 1285 4661 (ap.
1301 4591 1427 4645 Martene

178 4645 219 4731 ¹¹⁰:
230 4674 250 4726 p.
260 4670 333 4735 1433,
361 4682 466 4719 oannes
481 4664 588 4735 expetit
603 4664 754 4717 ‘orationes
769 4663 856 4717 Tullii
870 4662 915 4716 vel
929 4663 1017 4732 ipsius
1032 4666 1082 4714 aut
1095 4663 1238 4715 Lactantii
1254 4666 1283 4716 ct
1294 4662 1427 4733 Cypriani

178 4731 304 4803 epistola,
323 4737 487 4804 clauditque
506 4736 615 4789 litteras
634 4737 686 4789 hoc
705 4736 800 4789 modo:
823 4735 896 4787 ‘vale
915 4751 1013 4802 ineque
1029 4732 1133 4802 diligas
1148 4738 1176 4786 et
1191 4734 1253 4803 tibi,
1273 4739 1305 4786 iit
1319 4734 1426 4789 Cicero-

178 4808 242 4852 ffllflo
258 4810 316 4861 utar
333 4809 428 4874 verbo,
447 4808 615 4877 persuadeas
635 4810 662 4860 te
682 4824 699 4860 a
718 4824 762 4859 me
781 4807 902 4860 fraterne
922 4804 1037 4860 amari':
1056 4804 1112 4860 Cic.
1128 4806 1164 4858 ad
1180 4806 1231 4858 Ait
1253 4806 1274 4874 l,
1290 4811 1314 4876 5,
1330 4811 1354 4861 Β.
