3286 5460
192 369 258 432 320
643 366 680 419 Μ.
700 366 806 420 TVLLI
826 363 1017 420 CICERONIS

192 534 290 598 homo
322 530 402 596 mihi
433 551 506 594 cum
536 528 773 614 familiaritate,
806 534 879 594 tum
909 529 1011 594 etiam
1042 526 1192 593 sensibus
1220 526 1256 591 in
1284 548 1320 592 re
1347 549 1379 611 p.
1402 546 1470 592 con·

193 639 426 721 iunctissimus,
450 637 601 701 Rhodum
625 637 747 701 deverti
772 638 915 702 confisus
935 635 1132 701 auctoritate
1151 638 1261 699 vestra
1278 637 1471 718 senatusque

195 745 353 828 consulto,
377 765 441 827 quo
465 743 593 807 hostem
617 741 825 807 Dolabellam
849 742 1053 827 iudicaratis,
1076 740 1205 807 loedere
1228 762 1367 827 quoque,
1390 739 1473 824 quod

195 874 268 916 cum
303 852 348 915 eis
376 848 418 913 M.
448 849 603 914 Marcello
634 847 700 913 Ser.
730 847 876 934 Sulpicio
912 850 1022 932 (cos.)
1057 852 1250 913 renovatum
1283 852 1375 931 erat,
1411 867 1472 931 quo

195 960 380 1022 iuraverant
404 954 523 1020 Rhodii
552 956 682 1019 eosdem
704 956 818 1020 hostes
842 978 877 1020 se
899 956 1088 1041 habituros,
1115 976 1197 1040 quos
1219 957 1353 1020 senatus
1377 975 1474 1039 popu·
1498 979 1522 1034 rr

195 1067 310 1148 lusque
333 1063 385 1128 a:
410 1084 492 1146 qnae
515 1084 567 1126 res
590 1083 651 1125 nos
675 1062 884 1127 vehementer
906 1061 1038 1148 fefellit3
1060 1067 1192 1128 tantum
1215 1061 1301 1127 enim
1324 1059 1418 1146 afuit,
1439 1063 1475 1124 ut

195 1172 326 1236 illorum
351 1168 512 1254 praesidio
536 1172 684 1233 nostram
707 1170 914 1234 firmaremus
938 1169 1090 1253 classem,
1113 1173 1150 1233 ut
1173 1169 1272 1234 etiam
1295 1190 1315 1232 a
1337 1166 1475 1232 Rhodiis

195 1279 284 1361 urbe,
308 1282 413 1362 portu,
437 1276 593 1357 statione,
617 1296 699 1358 quae
725 1280 819 1340 extra
842 1276 958 1341 urbem
982 1281 1043 1361 est,
1066 1280 1259 1359 commeatu,
1281 1295 1369 1359 aqua
1392 1273 1476 1338 deni-

196 1408 257 1468 que
286 1383 536 1468 prohiberentur
563 1383 669 1445 nostri
698 1382 835 1466 milites,
868 1406 928 1448 nos
952 1383 1007 1448 vix
1033 1382 1097 1468 ipsi
1124 1383 1263 1468 singulis
1291 1403 1367 1447 oum
1389 1380 1476 1444 nari-

196 1490 292 1575 giolis
308 1490 531 1572 reciperemur.
550 1472 578 1570 ⁸†
590 1509 688 1571 quam
707 1489 940 1574 indignitatem
959 1489 1279 1572 deminutionemque
1293 1486 1477 1552 maiestatis
1489 1517 1513 1556 ro

195 1620 260 1659 non
284 1598 390 1658 solum
414 1594 494 1657 iuris
517 1595 632 1676 nostri,
656 1594 713 1658 sed
733 1596 833 1661 etiam
851 1579 983 1682 imperii
1001 1596 1179 1681 populique
1198 1594 1337 1659 Romani
1355 1593 1477 1658 idcirco

196 1703 339 1785 tulimus,
363 1701 448 1784 quod
472 1700 662 1784 interceptis
687 1701 808 1767 litteris
834 1725 1051 1789 cognoramus
1076 1701 1291 1785 Dolabellam,
1314 1701 1342 1764 si
1367 1700 1477 1785 despe

196 1814 300 1873 resset
324 1808 362 1871 de
387 1806 481 1890 Syria
504 1805 736 1892 Aegyptoque,
760 1809 847 1893 quod
871 1832 1002 1876 necesse
1027 1814 1098 1874 erat
1120 1808 1205 1895 fieri,
1227 1808 1262 1872 in
1285 1806 1380 1872 navis
1404 1829 1476 1872 curn

197 1917 347 1980 omnibus
376 1913 443 1976 suis
471 1913 653 1977 latronibus
682 1920 781 1999 atque
810 1917 900 1981 omni
930 1917 1068 2002 pecunia
1091 1915 1305 1981 conscendere
1328 1936 1401 1979 esse
1426 1935 1478 1998 pa·

196 2028 302 2085 ratum
325 2020 520 2102 Italiamque
552 2025 677 2104 peterc3
709 2019 831 2087 idcirco
865 2023 965 2087 etiam
997 2044 1097 2088 naves
1130 2019 1308 2106 onerarias,
1341 2043 1476 2106 quarum
1490 2050 1515 2091 rs

197 2128 304 2193 minor
331 2127 422 2191 nulla
449 2130 520 2189 erat
548 2126 648 2190 duum
672 2126 800 2192 milium
824 2128 1033 2214 amphoram,
1067 2133 1252 2195 contractas
1275 2127 1311 2192 in
1333 2126 1437 2212 Lycia
1460 2148 1479 2190 a

163 2262 177 2306 3
198 2237 300 2300 classe
324 2237 392 2300 eius
417 2232 567 2316 opsideri.
612 2233 710 2299 huius
734 2235 782 2299 rei
805 2236 938 2320 timore,
961 2260 992 2321 p.
1017 2258 1056 2319 c,
1080 2236 1225 2321 percitus
1247 2233 1387 2299 iniurias
1409 2256 1480 2319 per·

198 2346 264 2426 peti
294 2348 425 2407 etcum
453 2341 651 2404 contumelia
679 2342 779 2405 etiam
806 2347 920 2407 nostra
948 2344 1059 2408 omnia
1087 2343 1178 2427 prius
1201 2340 1341 2427 experiri
1366 2341 1479 2407 malui:

198 2451 307 2533 itaque
336 2450 376 2513 ad
404 2447 536 2511 illorum
559 2447 764 2514 voluntatem
792 2449 998 2515 introductus
1021 2450 1056 2514 in
1079 2450 1193 2515 urbem
1216 2455 1249 2514 et
1271 2449 1307 2513 in
1328 2453 1480 2513 senatum

199 2578 311 2620 eorum
339 2576 437 2639 quam
465 2552 715 2638 diligentissime
743 2557 837 2639 potui
866 2579 998 2622 causam
1028 2557 1074 2622 rei
1099 2581 1129 2642 p.
1152 2557 1206 2643 egi
1231 2555 1479 2640 periculumque
1492 2585 1517 2625 ao

198 2684 306 2747 omne,
330 2662 414 2746 quod
438 2661 586 2745 instaret,
610 2663 637 2726 si
661 2662 717 2726 ille
740 2663 826 2728 latro
851 2685 925 2729 cum
949 2664 1016 2728 suis
1041 2665 1193 2728 omnibus
1215 2663 1310 2728 naris
1328 2684 1479 2728 conscen-

198 2770 314 2856 disset,
342 2765 489 2852 exposui3
521 2766 668 2833 Rhodios
692 2775 802 2834 autem
825 2775 920 2836 tanta
942 2772 977 2834 in
1000 2771 1163 2855 pravitate
1187 2771 1419 2855 animadverti,
1442 2775 1480 2834 ut

199 2899 310 2941 omnes
334 2877 493 2940 firmiores
516 2880 670 2959 putarent
694 2898 793 2961 quam
817 2878 931 2964 bonos,
953 2883 990 2942 ut
1014 2877 1099 2943 hanc
1123 2877 1330 2943 concordiam
1353 2881 1388 2943 et
1407 2899 1480 2943 con-

198 2985 411 3065 spirationem
441 2983 586 3047 omnium
611 2984 760 3048 ordinum
785 2983 825 3048 ad
849 2986 1082 3050 defendendam
1106 2985 1296 3050 libertatem
1317 3006 1479 3070 propense

197 3111 264 3151 non
287 3091 454 3189 cgderent
482 3112 552 3154 esse
576 3090 714 3175 factam,
742 3096 779 3155 ut
802 3092 998 3176 patientiam
1020 3096 1154 3157 senatus
1177 3096 1210 3156 et
1233 3091 1351 3177 optimi
1375 3091 1517 3193 euius-rs

199 3218 259 3279 quo
284 3219 412 3260 manere
437 3197 536 3260 etiam
558 3219 644 3262 nunc
669 3200 868 3263 confiderent
890 3221 951 3264 nec
973 3200 1119 3284 potuisse
1143 3198 1260 3265 audere
1279 3220 1478 3284 quemquam

198 3300 404 3368 Dolabellam
432 3303 562 3367 hostem
590 3305 746 3389 iudicare,
770 3310 808 3370 ut
832 3307 970 3391 denique
994 3308 1117 3392 omnia,
1147 3329 1231 3391 quac
1254 3306 1397 3391 improbi
1421 3307 1478 3370 fin-

196 3410 332 3495 gebant,
357 3410 462 3495 magis
486 3433 562 3475 vera
585 3413 825 3499 existimarent,
849 3436 947 3498 quam
971 3436 1052 3499 quae
1075 3436 1150 3479 vere
1172 3412 1261 3478 facta
1282 3417 1379 3478 erant
1402 3419 1435 3478 et
1458 3435 1478 3477 a

161 3519 292 3589 rnobis
321 3519 531 3582 docebantur.
577 3543 640 3604 qua
669 3527 776 3585 mente
805 3521 905 3586 etiam
929 3526 1005 3586 ante
1027 3525 1177 3586 nostrum
1200 3520 1377 3586 adventum
1399 3524 1476 3604 post

195 3624 350 3690 ‘l’rebonii
378 3625 639 3711 indignissimam
661 3629 798 3693 caedem
825 3632 997 3713 ceteraque
1020 3632 1071 3692 tot
1094 3632 1226 3711 tamque
1248 3627 1377 3692 nefaria
1399 3626 1475 3692 faci·
1488 3652 1514 3691 a>

195 3755 275 3796 nora
299 3735 394 3798 binae
417 3735 581 3817 profectae
605 3739 698 3798 erant
721 3735 762 3799 ad
781 3735 988 3799 Dolabellam
1007 3735 1189 3821 legationes
1208 3756 1330 3818 eorum,
1353 3738 1389 3798 et
1407 3733 1476 3818 qui·

195 3841 268 3904 dem
295 3864 379 3906 novo
408 3843 570 3926 exemplo,
603 3845 716 3907 contra
742 3841 832 3926 leges
859 3842 1017 3925 ipsorum,
1049 3841 1300 3926 prohibentibus
1324 3840 1387 3924 eis,
1419 3840 1475 3926 qui

195 3952 265 4012 tum
289 3950 502 4034 magistratus
521 3950 687 4035 gerebant.
711 3948 822 4033 †haec
841 3948 909 4012 sive
929 3951 1056 4035 timore,
1076 3951 1114 4014 ut
1132 3947 1295 4032 dictitant,
1318 3947 1358 4012 de
1377 3946 1476 4033 agris,

287 4152 308 4199 1.
331 4144 458 4196 erunibus
479 4159 503 4211 ς,
523 4141 636 4196 senibus
655 4141 729 4207 ΜΗ,
749 4141 898 4195 aeonibus
917 4143 947 4196 D
960 4144 970 4212 11
983 4150 1008 4197 2.
1027 4140 1156 4195 rhodium
1175 4141 1212 4209 D,
1230 4139 1341 4194 rodium
1361 4141 1394 4195 H
1406 4144 1416 4209 t
1428 4139 1476 4193 de·

196 4252 267 4306 verti
292 4253 454 4321 tl'csrnbcrp,
474 4248 576 4303 reuerti
598 4251 648 4317 ΨΙΙ
662 4255 687 4303 3.
706 4231 880 4316 iudicaritis,
899 4266 917 4302 a
936 4267 954 4302 o
971 4268 1006 4303 m.
1022 4255 1050 4317 1,
1069 4248 1103 4302 H
1114 4252 1124 4313 n
1137 4252 1162 4301 4.
1181 4247 1235 4319 eis]
1255 4247 1300 4301 his
1321 4250 1362 4316 Ψ,
1382 4246 1419 4301 iis
1438 4251 1470 4313 5}

197 4343 250 4378 vor.
271 4345 320 4379 oin.
343 4327 372 4376 Ψ
388 4329 397 4389 ΙΙ
416 4340 470 4390 quo
490 4324 536 4390 M,
555 4323 632 4389 quod
646 4322 707 4374 HD
729 4327 739 4389 t
763 4326 804 4376 10.
824 4320 1094 4388 diminutionemque
1108 4319 1178 4374 ΙΙΙ).
1202 4321 1334 4389 prosimu
1350 4321 1477 4374 turbato:

197 4398 221 4450 «l.
249 4416 300 4448 uon
325 4394 415 4447 solum
439 4393 507 4447 iuris
530 4392 632 4459 nostri,
662 4392 710 4445 sed
737 4392 823 4445 etiam
851 4391 1010 4445 maiestatis
1037 4390 1203 4460 imperiique
1230 4389 1330 4460 populi
1355 4389 1475 4443 Romani

197 4477 255 4535 post
283 4471 352 4549 ulios
379 4467 502 4550 Errasti,
537 4468 600 4531 tort.
625 4471 701 4545 recte
726 4466 861 4518 traditum
879 4465 1027 4556 ‘verborum
1053 4464 1176 4543 ordinere
1202 4464 1318 4516 retinuit
1344 4462 1430 4552 Drelli
1451 4467 1476 4514 rt

198 4533 1475 4681 iiiii:¹treterserit?artdetunul-tarenis„tlturs

198 4686 254 4732 ιιιιιι
280 4685 317 4735 11Ι
333 4688 341 4749 Η
357 4688 397 4735 nti,
419 4682 525 4749 curuos}
546 4678 669 4732 latrones
686 4678 712 4732 0.
730 4681 764 4731 h'.
780 4678 822 4732 W.
839 4678 943 4731 Mitller
962 4677 1076 4756 (Philol.
1092 4674 1154 4728 xix
1170 4693 1199 4744 p.
1215 4678 1278 4743 326)
1296 4677 1305 4743 ΙΙ
1324 4679 1368 4728 tt.
1388 4673 1473 4727 etian-

199 4771 268 4804 num·
293 4757 321 4805 rt!
360 4757 393 4818 rs.
419 4755 469 4806 m.
494 4753 576 4821 lmrrp.
599 4751 689 4805 (r'LK.
710 4748 760 4801 Vll
775 4767 805 4817 p.
822 4754 863 4817 78,
880 4753 913 4800 19
936 4750 946 4817 ΙΙ
968 4747 1152 4816 31.b1nuels,
1173 4752 1241 4799 1-‘2
1262 4748 1313 4799 ort.
1333 4762 1403 4813 rua,
1420 4744 1473 4812 Μ,

199 4834 230 4875 .·Ι;ε
260 4827 312 4893 cist
332 4825 375 4876 hia
393 4828 428 4893 Ψ,
448 4823 482 4876 iia
503 4828 541 4894 ςῃ
556 4829 597 4876 32.
613 4827 654 4874 33.
675 4819 723 4889 qui
742 4822 802 4872 tum
821 4823 896 4890 (cum
915 4820 960 4890 Η)
981 4817 1163 4888 magistratus
1181 4817 1333 4889 gerebant]
1352 4818 1371 4872 ι’.
1387 4834 1408 4871 e.
1427 4816 1472 4886 qui
