3314 5460
209 109 274 173 380
660 112 697 164 M.
717 110 823 163 TVLLI
843 109 1031 165 CICERONIS

208 295 267 338 nec
295 273 482 359 ambitiose,
515 275 570 339 sed
597 278 636 338 ut
663 296 722 358 pro
754 273 886 339 homine
918 274 1036 340 intimo
1068 296 1106 339 ac
1137 275 1218 340 mihi
1245 276 1490 359 pernecessario

173 379 358 446 ascribere.
401 386 476 465 peto
500 380 602 467 igitur
625 403 644 444 a
667 384 713 465 te,
740 381 836 445 utin
862 403 900 446 ea
928 382 1163 464 controversia,
1194 403 1292 466 quam
1320 382 1424 448 habet
1452 383 1491 446 de

207 485 308 550 fundo
333 508 406 550 oum
430 487 571 570 quodam
595 485 812 571 Colophonio,
836 490 870 552 et
893 487 928 551 in
951 487 1068 553 ceteris
1091 488 1203 572 rebus,
1227 493 1391 573 quantum·
1412 489 1491 555 fides

208 596 265 656 tua
287 592 431 675 patietur
455 597 676 678 quantumque
700 597 758 659 tuo
783 595 950 660 commodo
979 595 1116 680 poteris,
1147 599 1277 660 tantum
1300 596 1331 660 ei
1355 596 1492 661 honoris

207 697 272 762 mei
295 719 392 763 causa
416 700 618 783 commodes,
641 700 718 783 etsi,
740 703 778 764 ut
801 700 870 765 eius
894 701 1090 767 modestiam
1113 702 1266 788 cognovi,
1288 701 1403 788 gravis
1430 703 1492 767 tibi
1518 714 1531 752 ⁵

207 804 297 869 nulla
325 805 359 869 in
386 828 421 871 re
449 807 525 870 erit:
559 807 587 870 si
615 810 649 871 et
676 829 749 871 mea
778 808 1058 874 commendatione
1088 812 1121 873 et
1149 830 1208 874 sua
1237 809 1407 893 probitate
1440 809 1494 873 ad·

207 910 338 977 secutus
358 912 430 997 erit,
449 918 487 978 ut
506 914 544 977 de
565 936 599 978 se
618 915 699 978 bene
719 914 897 999 existimes,
916 915 1027 980 omnia
1040 937 1074 981 se
1091 916 1243 1000 adeptum
1264 914 1493 980 arbitrabitur.

207 1023 244 1083 ut
267 1019 369 1105 igitur
393 1042 467 1084 eum
490 1020 627 1104 recipias
656 1020 692 1084 in
718 1021 816 1086 fidem
843 1020 1029 1106 habeasque
1058 1021 1092 1086 in
1119 1044 1254 1087 numero
1282 1026 1434 1108 tuorum,
1460 1027 1494 1086 te

207 1126 415 1191 vehementer
438 1126 536 1191 etiam
560 1131 658 1210 atque
681 1127 783 1192 etiam
806 1149 900 1214 rogo:
924 1150 995 1215 ego,
1020 1149 1101 1212 quae
1128 1132 1161 1193 te
1180 1127 1262 1193 velle
1281 1150 1433 1213 quaeque
1453 1129 1495 1193 ad

207 1235 239 1296 te
262 1231 425 1317 pertinere
449 1232 643 1318 arbitrabor,
667 1234 776 1298 omnia
799 1234 946 1300 studiose
969 1234 1208 1321 diligenterque
1231 1234 1363 1301 curabo.
1507 1245 1533 1286 1⁰

731 1481 827 1548 axx.
861 1481 965 1571 (666.)

406 1643 450 1708 u.
469 1641 628 1711 666666
653 1643 688 1708 e.
708 1642 915 1710 snuvuuo
941 1641 1174 1710 66666666
1199 1642 1230 1711 6.
1253 1642 1290 1711 e.

300 1802 384 1879 Quia
406 1825 472 1868 non
495 1808 546 1868 est
569 1826 706 1888 opscnra
729 1808 787 1869 tua
810 1805 844 1869 in
866 1826 918 1869 me
940 1802 1174 1888 benevolentia,
1197 1803 1244 1868 sic
1262 1804 1310 1889 fit,
1334 1809 1374 1870 ut
1392 1806 1491 1872 multi

210 1932 269 1994 per
291 1932 342 1974 me
366 1910 429 1975 tibi
451 1909 553 1974 velint
576 1911 808 1995 commendari3
831 1933 893 1997 ego
918 1914 1027 1976 autem
1051 1911 1161 1976 tribuo
1184 1932 1433 1997 nonnumquam
1456 1914 1492 1978 in

211 2016 337 2102 vulgus,
351 2017 408 2082 sed
422 2017 610 2102 plerumque
624 2018 824 2103 necessariis,
838 2022 875 2083 ut
888 2018 950 2082 hoc
966 2022 1126 2104 tempore,
1140 2039 1216 2082 nam
1230 2039 1303 2083 eum
1317 2017 1354 2083 Τ.
1367 2016 1490 2104 Ampio
1504 2029 1527 2071 ¹⁵
1570 2039 1633 2083 e

211 2121 315 2187 Balbo
339 2123 420 2187 mihi
447 2146 574 2188 summa
600 2124 806 2190 familiaritas
834 2125 1102 2209 necessitudoque
1129 2128 1193 2189 est:
1223 2125 1293 2189 eius
1320 2125 1490 2209 libertum,

210 2229 245 2293 T.
266 2229 420 2314 Ampium
444 2229 669 2315 Menandrum,
697 2232 863 2296 hominem
891 2231 979 2317 frugi
1005 2234 1039 2294 et
1062 2231 1257 2317 modestum,
1285 2234 1320 2296 et
1346 2235 1490 2316 patrono

165 2391 174 2407 .
210 2340 244 2401 et
266 2336 362 2401 nobis
386 2337 593 2402 vehementer
615 2339 799 2422 probatum,
822 2339 884 2403 tibi
908 2338 1098 2404 commendo
1117 2337 1273 2403 maiorem
1291 2338 1327 2402 in
1345 2338 1489 2404 modum.

211 2446 376 2508 vementer
409 2443 489 2507 mihi
522 2449 651 2530 gratum
686 2443 815 2529 feceris,
848 2446 890 2531 si,
922 2444 1179 2530 quibuscumque
1206 2444 1303 2510 rebus
1331 2445 1404 2510 sine
1432 2450 1490 2510 tna

211 2549 361 2613 molestia
384 2551 518 2636 poteris,
541 2552 570 2615 ei
594 2551 822 2617 commodaris:
846 2552 932 2636 quod
955 2555 993 2616 ut
1014 2550 1124 2634 facias,
1148 2555 1181 2616 te
1203 2555 1372 2617 vementer
1391 2552 1612 2617 eumn-2

210 2659 308 2740 atque
331 2656 431 2721 etiam
455 2678 544 2742 rogo.

723 2800 839 2866 6666.
871 2796 974 2886 (aar.)

396 2960 438 3025 u.
459 2958 618 3025 cronno
643 2959 674 3025 s.
698 2960 737 3025 n.
762 2959 796 3025 Ρ.
822 2958 1028 3025 sauvrmo
1054 2918 1331 3023 comnenus

298 3120 421 3186 Multos
450 3120 511 3185 tibi
539 3121 760 3185 commendem
792 3141 922 3185 necesse
951 3123 1013 3204 est,
1046 3118 1201 3203 quoniam
1228 3117 1383 3183 omnibus
1410 3122 1489 3183 nota

209 3231 324 3293 nostra
345 3227 552 3294 necessitudo
575 3231 626 3291 est
649 3231 769 3312 tuaque
793 3248 872 3312 erga
890 3248 941 3291 me
960 3224 1197 3311 benivolentia3
1219 3224 1276 3289 sed
1295 3223 1487 3290 tamenetsi

210 3334 355 3399 omnium
379 3357 489 3419 causa,
518 3355 599 3418 quos
623 3334 825 3418 commendo,
853 3332 936 3397 velle
959 3332 1074 3417 debeo,
1104 3335 1311 3396 tamencum
1337 3330 1487 3397 omnibus
1550 3361 1657 3387 >a

209 3463 274 3506 non
302 3443 414 3507 eadem
446 3442 527 3506 mihi
562 3464 659 3505 eausa
686 3445 744 3505 est.
789 3440 824 3504 T.
849 3439 994 3525 Agusius
1021 3442 1056 3502 et
1083 3460 1191 3504 comes
1218 3458 1310 3502 meus
1338 3436 1406 3503 fuit
1431 3436 1487 3503 illo
1539 3466 1584 3492 ο

210 3548 391 3613 miserrimo
411 3552 557 3632 tempore
577 3552 611 3613 et
629 3546 773 3612 omnium
792 3547 947 3610 itinerum
965 3544 1221 3631 navigationum,
1239 3543 1393 3609 laborum
1407 3543 1556 3630 peri-
1650 3571 1657 3590 ι

210 3656 357 3720 culorum
381 3678 526 3720 meorum
549 3655 666 3738 socius,
689 3675 793 3737 neque
816 3653 879 3717 hoc
901 3656 1048 3736 tempore
1072 3650 1276 3717 discessisset
1298 3671 1320 3715 a
1340 3672 1404 3736 me,
1426 3648 1563 3717 ninii
1592 3670 1657 3696 Σ

210 3783 270 3847 ego
291 3763 320 3826 ei
338 3761 572 3847 permisissem:
597 3782 695 3844 quare
716 3761 762 3825 sic
780 3759 842 3824 tibi
862 3781 937 3823 eum
955 3758 1155 3842 commendo,
1171 3761 1210 3822 ut
1226 3778 1331 3821 unum
1348 3756 1390 3822 de
1409 3758 1574 3824 mein

300 3996 323 4046 1.
343 3989 510 4045 marsuae
529 3989 566 4042 nr
584 3992 594 4058 ιι
617 3994 641 4043 6.
661 3986 688 4041 a
706 3986 780 4055 66,
803 3986 915 4053 66616
938 3990 961 4038 6.
982 3984 1041 4038 uu
1064 3981 1167 4038 eriam
1186 3982 1299 4053 roni
1323 3988 1348 4039 6.
1368 3986 1404 4039 aa
1423 3984 1514 4053 66,
1625 3971 1652 3984 “

209 4062 238 4115 ui
252 4063 290 4116 Μ
299 4066 308 4132 [Ι
321 4062 393 4116 bene
412 4080 462 4115 om.
478 4061 511 4115 Η
521 4064 530 4131 ΙΙ
544 4061 707 4129 ademptum
721 4059 776 4127 Ml
791 4055 945 4137 arbitratur
958 4055 1012 4122 Ha
1026 4061 1051 4110 8.
1069 4054 1154 4109 fidem
1172 4053 1294 4127 (tuam)
1309 4056 1485 4140 Lambinasl
1514 4034 1654 4121 ff···l

210 4139 251 4188 10.
271 4133 392 4187 arbitror
410 4133 443 4186 Η
454 4136 463 4202 ΙΙ
484 4131 596 4187 curabo.
629 4129 694 4184 nale
712 4130 742 4183 D
759 4130 769 4197 ΙΙ
788 4134 829 4182 13.
850 4144 890 4181 666
908 4128 951 4198 fit]
970 4127 1003 4180 fit
1021 4127 1189 4197 Wesenberg.
1221 4132 1252 4181 at
1269 4126 1306 4191 cf.
1324 4126 1357 4182 0.
1371 4119 1640 4198 Μῶν

211 4205 347 4259 ‘Vcrsucb
355 4222 375 4258 e.
384 4204 600 4259 Oliarctteristr't·
610 4204 707 4256 dudm.
719 4201 767 4253 If'm
788 4199 922 4270 arrpmpr)
932 4198 1040 4263 (Kilon.
1048 4199 1128 4265 1888)
1134 4214 1163 4266 p.
1170 4201 1204 4250 2⁷
1218 4202 1244 4252 et
1254 4196 1283 4251 0.
1290 4195 1327 4251 Ρ.
1335 4198 1379 4253 W.
1389 4199 1543 4267 1116111σῆ

212 4275 264 4330 Oto.
280 4294 322 4344 op.
337 4275 384 4342 IV,
400 4282 413 4327 1
434 4276 471 4329 ud
483 4293 511 4343 p.
527 4278 587 4341 183,
604 4277 618 4325 7
633 4275 642 4341 ΙΙ
657 4278 697 4326 14.
718 4219 897 4350 <idltr1b130
912 4269 1209 4349 116666166616616616.
1232 4268 1268 4334 ef.
1281 4268 1323 4323 ad
1335 4267 1494 4337 maa,
1514 4284 1526 4332 γ

212 4350 252 4399 15.
272 4349 304 4399 ut
322 4363 346 4414 ς,
365 4346 395 4399 in
411 4350 461 4413 ²15ss
476 4351 517 4399 17.
537 4348 556 4398 t.
577 4343 702 4414 ampium
720 4360 753 4397 es
771 4345 830 4396 tam
844 4357 922 4410 p1um
936 4340 987 4395 DI.
1014 4340 1074 4392 tam
1087 4355 1167 4409 prum
1181 4337 1216 4393 Η
1224 4339 1235 4404 Ι
1249 4342 1290 4392 18.
1306 4346 1335 4394 et
1348 4344 1394 4396 20.
1409 4340 1508 4397 uehe-

210 4419 318 4470 menter
336 4417 396 4470 HD
409 4421 418 4485 l
432 4424 474 4470 ⁴33.
495 4434 515 4471 s.
535 4416 561 4469 d.
576 4434 602 4485 p.
618 4434 644 4485 p.
664 4414 694 4467 D
707 4416 716 4482 ll
731 4413 855 4482 collegae
869 4411 921 4466 sal.
936 4412 967 4464 H
978 4412 1044 4480 117.
1060 4425 1146 4464 cauea
1164 4407 1235 4463 mihi
1253 4407 1288 4463 H
1296 4410 1308 4479 ΙΙ
1322 4408 1370 4482 Τ.]
1389 4410 1422 4467 1..
1440 4410 1473 4467 H
1482 4408 1498 4481 Il

210 4485 341 4627 Agusiuql
356 4488 501 4557 (augurius
526 4487 583 4557 11)]
610 4489 644 4554 cf.
669 4487 775 4540 Jordan
800 4485 873 4538 ‘trit
893 4483 980 4537 Beier.
998 4498 1021 4536 6.
1041 4482 1075 4536 G.
1097 4482 1123 4536 d.
1144 4480 1191 4535 tor.
1214 4480 1289 4550 Spa’
1311 4498 1344 4551 p.
1364 4486 1419 4537 112
1431 4499 1469 4553 aq.
1482 4480 1493 4549 l!

212 4560 254 4610 29.
273 4574 317 4609 me
340 4600 349 4624 ,
368 4566 382 4610 1
398 4561 450 4614 litt.
464 4577 510 4626 en,
528 4559 565 4612 Μ
