<?xml version="1.0" encoding="UTF-8"?>
<!DOCTYPE html PUBLIC "-//W3C//DTD XHTML 1.0 Transitional//EN"
    "http://www.w3.org/TR/xhtml1/DTD/xhtml1-transitional.dtd">
<html xmlns="http://www.w3.org/1999/xhtml" xml:lang="en" lang="en">
 <head>
  <title>
</title>
<meta http-equiv="Content-Type" content="text/html;charset=utf-8" />
  <meta name='ocr-system' content='tesseract 3.04.00' />
  <meta name='ocr-capabilities' content='ocr_page ocr_carea ocr_par ocr_line ocrx_word'/>
</head>
<body>
  <div class='ocr_page' id='page_1' title='image "./mtulliciceronis00koergoog_0060.png"; bbox 0 0 3286 5460; ppageno 0'>
   <div class='ocr_carea' id='block_1_1' title="bbox 671 393 1481 462">
    <p class='ocr_par' dir='ltr' id='par_1_1' title="bbox 671 393 1481 462">
     <span class='ocr_line' id='line_1_1' title="bbox 671 393 1481 462; baseline 0.017 -14"><span class='ocrx_word' id='word_1_1' title='bbox 671 393 928 450; x_wconf 76' lang='lat' dir='ltr'><strong>EPISTVLARVM</strong></span> <span class='ocrx_word' id='word_1_2' title='bbox 947 396 967 450; x_wconf 94' lang='lat' dir='ltr'><strong>I.</strong></span> <span class='ocrx_word' id='word_1_3' title='bbox 987 400 1012 451; x_wconf 80' lang='grc'><strong>9.</strong></span> <span class='ocrx_word' id='word_1_4' title='bbox 1439 399 1481 462; x_wconf 81' lang='grc'><strong>21</strong></span> 
     </span>
    </p>
   </div>
   <div class='ocr_carea' id='block_1_2' title="bbox 132 557 1603 2666">
    <p class='ocr_par' dir='ltr' id='par_1_2' title="bbox 132 557 1603 2666">
     <span class='ocr_line' id='line_1_2' title="bbox 201 557 1535 645; baseline 0.004 -24"><span class='ocrx_word' id='word_1_5' title='bbox 201 557 329 622; x_wconf 83' lang='lat' dir='ltr'><strong>viribus</strong></span> <span class='ocrx_word' id='word_1_6' title='bbox 352 557 610 642; x_wconf 86' lang='lat' dir='ltr'><strong>reciperavisset.</strong></span> <span class='ocrx_word' id='word_1_7' title='bbox 654 579 758 641; x_wconf 91' lang='lat' dir='ltr'><strong>neque</strong></span> <span class='ocrx_word' id='word_1_8' title='bbox 787 581 862 624; x_wconf 88' lang='lat' dir='ltr'><strong>vero</strong></span> <span class='ocrx_word' id='word_1_9' title='bbox 890 580 952 645; x_wconf 80' lang='lat' dir='ltr'><strong>ego</strong></span> <span class='ocrx_word' id='word_1_10' title='bbox 980 559 1061 623; x_wconf 90' lang='lat' dir='ltr'><strong>mihi</strong></span> <span class='ocrx_word' id='word_1_11' title='bbox 1088 564 1204 644; x_wconf 88' lang='lat' dir='ltr'><strong>postea</strong></span> <span class='ocrx_word' id='word_1_12' title='bbox 1227 560 1401 644; x_wconf 90' lang='lat' dir='ltr'><strong>quicquam</strong></span> <span class='ocrx_word' id='word_1_13' title='bbox 1429 562 1481 626; x_wconf 93' lang='lat' dir='ltr'><strong>ad·</strong></span> <span class='ocrx_word' id='word_1_14' title='bbox 1505 579 1535 627; x_wconf 78' lang='lat' dir='ltr'><strong>rr</strong></span> 
     </span>
     <span class='ocr_line' id='line_1_3' title="bbox 132 664 1481 750; baseline 0.003 -22"><span class='ocrx_word' id='word_1_15' title='bbox 132 669 138 685; x_wconf 81' lang='lat'>&#39;</span> <span class='ocrx_word' id='word_1_16' title='bbox 201 664 329 748; x_wconf 90' lang='lat' dir='ltr'><strong>sumpsi</strong></span> <span class='ocrx_word' id='word_1_17' title='bbox 354 686 458 750; x_wconf 90' lang='lat' dir='ltr'><strong>neque</strong></span> <span class='ocrx_word' id='word_1_18' title='bbox 489 665 586 729; x_wconf 92' lang='lat' dir='ltr'><strong>hodie</strong></span> <span class='ocrx_word' id='word_1_19' title='bbox 616 664 764 748; x_wconf 81' lang='lat' dir='ltr'>adsumo,</span> <span class='ocrx_word' id='word_1_20' title='bbox 796 666 882 749; x_wconf 94' lang='lat' dir='ltr'><strong>quod</strong></span> <span class='ocrx_word' id='word_1_21' title='bbox 912 687 1108 750; x_wconf 86' lang='lat' dir='ltr'><strong>quemquam</strong></span> <span class='ocrx_word' id='word_1_22' title='bbox 1135 666 1481 732; x_wconf 76' lang='lat' dir='ltr'><strong>malevolentissimum</strong></span> 
     </span>
     <span class='ocr_line' id='line_1_4' title="bbox 200 771 1481 857; baseline 0.004 -23"><span class='ocrx_word' id='word_1_23' title='bbox 200 771 272 835; x_wconf 92' lang='lat' dir='ltr'><strong>iure</strong></span> <span class='ocrx_word' id='word_1_24' title='bbox 295 771 401 856; x_wconf 79' lang='lat' dir='ltr'>possit</span> <span class='ocrx_word' id='word_1_25' title='bbox 426 771 599 836; x_wconf 84' lang='lat' dir='ltr'><strong>offendere:</strong></span> <span class='ocrx_word' id='word_1_26' title='bbox 628 775 757 835; x_wconf 90' lang='lat' dir='ltr'><strong>tantum</strong></span> <span class='ocrx_word' id='word_1_27' title='bbox 785 772 903 857; x_wconf 89' lang='lat' dir='ltr'><strong>enitor,</strong></span> <span class='ocrx_word' id='word_1_28' title='bbox 930 776 968 836; x_wconf 92' lang='lat' dir='ltr'><strong>ut</strong></span> <span class='ocrx_word' id='word_1_29' title='bbox 990 795 1094 857; x_wconf 92' lang='lat' dir='ltr'><strong>neque</strong></span> <span class='ocrx_word' id='word_1_30' title='bbox 1118 772 1232 839; x_wconf 88' lang='lat' dir='ltr'><strong>amicis</strong></span> <span class='ocrx_word' id='word_1_31' title='bbox 1255 795 1358 857; x_wconf 91' lang='lat' dir='ltr'><strong>neque</strong></span> <span class='ocrx_word' id='word_1_32' title='bbox 1382 774 1481 839; x_wconf 90' lang='lat' dir='ltr'><strong>etiam</strong></span> 
     </span>
     <span class='ocr_line' id='line_1_5' title="bbox 200 877 1480 963; baseline 0.005 -22"><span class='ocrx_word' id='word_1_33' title='bbox 200 877 414 942; x_wconf 86' lang='lat' dir='ltr'><strong>alienioribus</strong></span> <span class='ocrx_word' id='word_1_34' title='bbox 443 900 555 962; x_wconf 89' lang='lat' dir='ltr'><strong>opera,</strong></span> <span class='ocrx_word' id='word_1_35' title='bbox 583 877 733 963; x_wconf 87' lang='lat' dir='ltr'><strong>consilio,</strong></span> <span class='ocrx_word' id='word_1_36' title='bbox 763 879 875 944; x_wconf 90' lang='lat' dir='ltr'><strong>labore</strong></span> <span class='ocrx_word' id='word_1_37' title='bbox 903 880 1015 946; x_wconf 88' lang='lat' dir='ltr'><strong>desim.</strong></span> <span class='ocrx_word' id='word_1_38' title='bbox 1058 880 1112 944; x_wconf 92' lang='lat' dir='ltr'><strong>hic</strong></span> <span class='ocrx_word' id='word_1_39' title='bbox 1139 902 1229 945; x_wconf 90' lang='lat' dir='ltr'><strong>meae</strong></span> <span class='ocrx_word' id='word_1_40' title='bbox 1256 881 1343 946; x_wconf 82' lang='lat' dir='ltr'><strong>vitae</strong></span> <span class='ocrx_word' id='word_1_41' title='bbox 1367 903 1480 947; x_wconf 86' lang='lat' dir='ltr'><strong>cursus</strong></span> 
     </span>
     <span class='ocr_line' id='line_1_6' title="bbox 171 982 1481 1071; baseline 0.005 -23"><span class='ocrx_word' id='word_1_42' title='bbox 171 982 338 1048; x_wconf 73' lang='lat' dir='ltr'><strong>soffendit</strong></span> <span class='ocrx_word' id='word_1_43' title='bbox 359 1005 415 1049; x_wconf 92' lang='lat' dir='ltr'><strong>eos</strong></span> <span class='ocrx_word' id='word_1_44' title='bbox 438 984 588 1068; x_wconf 86' lang='lat' dir='ltr'><strong>fortasse,</strong></span> <span class='ocrx_word' id='word_1_45' title='bbox 612 985 667 1069; x_wconf 92' lang='lat' dir='ltr'><strong>qui</strong></span> <span class='ocrx_word' id='word_1_46' title='bbox 691 986 896 1070; x_wconf 85' lang='lat' dir='ltr'><strong>splendorem</strong></span> <span class='ocrx_word' id='word_1_47' title='bbox 915 990 948 1051; x_wconf 87' lang='lat' dir='ltr'><strong>et</strong></span> <span class='ocrx_word' id='word_1_48' title='bbox 967 987 1107 1071; x_wconf 89' lang='lat' dir='ltr'><strong>speciem</strong></span> <span class='ocrx_word' id='word_1_49' title='bbox 1130 987 1227 1052; x_wconf 92' lang='lat' dir='ltr'><strong>huius</strong></span> <span class='ocrx_word' id='word_1_50' title='bbox 1246 988 1332 1052; x_wconf 85' lang='lat' dir='ltr'><strong>vitae</strong></span> <span class='ocrx_word' id='word_1_51' title='bbox 1355 988 1481 1053; x_wconf 90' lang='lat' dir='ltr'><strong>intuen-</strong></span> 
     </span>
     <span class='ocr_line' id='line_1_7' title="bbox 199 1090 1603 1180; baseline 0.004 -26"><span class='ocrx_word' id='word_1_52' title='bbox 199 1094 270 1173; x_wconf 90' lang='lat' dir='ltr'><strong>tur,</strong></span> <span class='ocrx_word' id='word_1_53' title='bbox 293 1090 546 1155; x_wconf 91' lang='lat' dir='ltr'><strong>sollicitudinem</strong></span> <span class='ocrx_word' id='word_1_54' title='bbox 571 1095 680 1156; x_wconf 91' lang='lat' dir='ltr'><strong>autem</strong></span> <span class='ocrx_word' id='word_1_55' title='bbox 704 1095 738 1158; x_wconf 89' lang='lat' dir='ltr'><strong>et</strong></span> <span class='ocrx_word' id='word_1_56' title='bbox 760 1092 907 1156; x_wconf 95' lang='lat' dir='ltr'><strong>laborem</strong></span> <span class='ocrx_word' id='word_1_57' title='bbox 928 1091 1110 1176; x_wconf 85' lang='lat' dir='ltr'><strong>perspicere</strong></span> <span class='ocrx_word' id='word_1_58' title='bbox 1133 1115 1199 1158; x_wconf 91' lang='lat' dir='ltr'><strong>non</strong></span> <span class='ocrx_word' id='word_1_59' title='bbox 1221 1098 1372 1180; x_wconf 80' lang='lat' dir='ltr'><strong>possunt3</strong></span> <span class='ocrx_word' id='word_1_60' title='bbox 1400 1095 1481 1159; x_wconf 91' lang='lat' dir='ltr'><strong>illud</strong></span> <span class='ocrx_word' id='word_1_61' title='bbox 1591 1107 1603 1129; x_wconf 75' lang='lat'><strong><em>⁹</em></strong></span> 
     </span>
     <span class='ocr_line' id='line_1_8' title="bbox 199 1197 1482 1283; baseline 0.004 -22"><span class='ocrx_word' id='word_1_62' title='bbox 199 1219 278 1261; x_wconf 83' lang='lat' dir='ltr'><strong>vero</strong></span> <span class='ocrx_word' id='word_1_63' title='bbox 301 1219 367 1262; x_wconf 91' lang='lat' dir='ltr'><strong>non</strong></span> <span class='ocrx_word' id='word_1_64' title='bbox 391 1197 527 1262; x_wconf 82' lang='lat' dir='ltr'><strong>obscure</strong></span> <span class='ocrx_word' id='word_1_65' title='bbox 551 1201 739 1282; x_wconf 87' lang='lat' dir='ltr'><strong>queruntur,</strong></span> <span class='ocrx_word' id='word_1_66' title='bbox 762 1197 797 1261; x_wconf 92' lang='lat' dir='ltr'><strong>in</strong></span> <span class='ocrx_word' id='word_1_67' title='bbox 820 1198 900 1262; x_wconf 87' lang='lat' dir='ltr'><strong>meis</strong></span> <span class='ocrx_word' id='word_1_68' title='bbox 924 1198 1105 1283; x_wconf 77' lang='lat' dir='ltr'><strong>sententiis,</strong></span> <span class='ocrx_word' id='word_1_69' title='bbox 1128 1200 1246 1283; x_wconf 91' lang='lat' dir='ltr'><strong>quibus</strong></span> <span class='ocrx_word' id='word_1_70' title='bbox 1270 1222 1382 1264; x_wconf 92' lang='lat' dir='ltr'><strong>ornem</strong></span> <span class='ocrx_word' id='word_1_71' title='bbox 1404 1200 1482 1266; x_wconf 77' lang='lat' dir='ltr'><strong>an-</strong></span> 
     </span>
     <span class='ocr_line' id='line_1_9' title="bbox 199 1303 1481 1391; baseline 0.003 -23"><span class='ocrx_word' id='word_1_72' title='bbox 199 1326 319 1387; x_wconf 86' lang='lat' dir='ltr'><strong>sarem,</strong></span> <span class='ocrx_word' id='word_1_73' title='bbox 342 1303 435 1388; x_wconf 87' lang='lat' dir='ltr'><strong>quasi</strong></span> <span class='ocrx_word' id='word_1_74' title='bbox 457 1303 636 1368; x_wconf 83' lang='lat' dir='ltr'><strong>desciscere</strong></span> <span class='ocrx_word' id='word_1_75' title='bbox 660 1325 711 1368; x_wconf 94' lang='lat' dir='ltr'><strong>me</strong></span> <span class='ocrx_word' id='word_1_76' title='bbox 735 1303 798 1388; x_wconf 75' lang='lat' dir='ltr'><strong>(a)</strong></span> <span class='ocrx_word' id='word_1_77' title='bbox 820 1304 960 1388; x_wconf 89' lang='lat' dir='ltr'><strong>pristina</strong></span> <span class='ocrx_word' id='word_1_78' title='bbox 979 1326 1085 1370; x_wconf 90' lang='lat' dir='ltr'><strong>causa</strong></span> <span class='ocrx_word' id='word_1_79' title='bbox 1117 1327 1178 1391; x_wconf 86' lang='lat' dir='ltr'><strong>ego</strong></span> <span class='ocrx_word' id='word_1_80' title='bbox 1199 1310 1307 1371; x_wconf 91' lang='lat' dir='ltr'><strong>autem</strong></span> <span class='ocrx_word' id='word_1_81' title='bbox 1330 1309 1481 1373; x_wconf 90' lang='lat' dir='ltr'><strong>camilla</strong></span> 
     </span>
     <span class='ocr_line' id='line_1_10' title="bbox 199 1411 1479 1498; baseline 0.002 -23"><span class='ocrx_word' id='word_1_82' title='bbox 199 1432 334 1495; x_wconf 87' lang='lat' dir='ltr'><strong>sequor,</strong></span> <span class='ocrx_word' id='word_1_83' title='bbox 363 1432 444 1494; x_wconf 91' lang='lat' dir='ltr'><strong>quae</strong></span> <span class='ocrx_word' id='word_1_84' title='bbox 473 1411 571 1494; x_wconf 88' lang='lat' dir='ltr'><strong>paulo</strong></span> <span class='ocrx_word' id='word_1_85' title='bbox 600 1415 676 1476; x_wconf 89' lang='lat' dir='ltr'><strong>ante</strong></span> <span class='ocrx_word' id='word_1_86' title='bbox 697 1411 870 1497; x_wconf 86' lang='lat' dir='ltr'><strong>proposui,</strong></span> <span class='ocrx_word' id='word_1_87' title='bbox 896 1415 967 1476; x_wconf 90' lang='lat' dir='ltr'><strong>tum</strong></span> <span class='ocrx_word' id='word_1_88' title='bbox 990 1411 1052 1477; x_wconf 91' lang='lat' dir='ltr'><strong>hoc</strong></span> <span class='ocrx_word' id='word_1_89' title='bbox 1075 1433 1141 1476; x_wconf 91' lang='lat' dir='ltr'><strong>non</strong></span> <span class='ocrx_word' id='word_1_90' title='bbox 1168 1411 1202 1476; x_wconf 94' lang='lat' dir='ltr'><strong>in</strong></span> <span class='ocrx_word' id='word_1_91' title='bbox 1224 1414 1413 1498; x_wconf 78' lang='lat' dir='ltr'><strong>postremis,</strong></span> <span class='ocrx_word' id='word_1_92' title='bbox 1441 1415 1479 1479; x_wconf 93' lang='lat' dir='ltr'><strong>de</strong></span> 
     </span>
     <span class='ocr_line' id='line_1_11' title="bbox 157 1517 1481 1602; baseline 0.003 -21"><span class='ocrx_word' id='word_1_93' title='bbox 157 1536 184 1575; x_wconf 79' lang='grc' dir='ltr'><strong>ιο</strong></span> <span class='ocrx_word' id='word_1_94' title='bbox 200 1538 267 1602; x_wconf 93' lang='lat' dir='ltr'><strong>quo</strong></span> <span class='ocrx_word' id='word_1_95' title='bbox 296 1538 466 1601; x_wconf 79' lang='lat' dir='ltr'><strong>coeperam</strong></span> <span class='ocrx_word' id='word_1_96' title='bbox 499 1539 675 1602; x_wconf 83' lang='lat' dir='ltr'><strong>exponere:</strong></span> <span class='ocrx_word' id='word_1_97' title='bbox 706 1539 772 1582; x_wconf 91' lang='lat' dir='ltr'><strong>non</strong></span> <span class='ocrx_word' id='word_1_98' title='bbox 805 1517 947 1582; x_wconf 85' lang='lat' dir='ltr'><strong>offendes</strong></span> <span class='ocrx_word' id='word_1_99' title='bbox 979 1518 1116 1582; x_wconf 90' lang='lat' dir='ltr'><strong>eundem</strong></span> <span class='ocrx_word' id='word_1_100' title='bbox 1148 1517 1308 1582; x_wconf 91' lang='lat' dir='ltr'><strong>bonorum</strong></span> <span class='ocrx_word' id='word_1_101' title='bbox 1341 1542 1481 1601; x_wconf 81' lang='lat' dir='ltr'><strong>sensum,</strong></span> 
     </span>
     <span class='ocr_line' id='line_1_12' title="bbox 197 1622 1481 1712; baseline 0.002 -24"><span class='ocrx_word' id='word_1_102' title='bbox 197 1622 351 1707; x_wconf 89' lang='lat' dir='ltr'><strong>Lentule,</strong></span> <span class='ocrx_word' id='word_1_103' title='bbox 379 1645 476 1707; x_wconf 93' lang='lat' dir='ltr'><strong>quem</strong></span> <span class='ocrx_word' id='word_1_104' title='bbox 498 1624 675 1709; x_wconf 90' lang='lat' dir='ltr'><strong>reliquisti,</strong></span> <span class='ocrx_word' id='word_1_105' title='bbox 699 1624 754 1709; x_wconf 88' lang='lat' dir='ltr'><strong>qui</strong></span> <span class='ocrx_word' id='word_1_106' title='bbox 778 1624 989 1691; x_wconf 90' lang='lat' dir='ltr'><strong>confirmatus</strong></span> <span class='ocrx_word' id='word_1_107' title='bbox 1014 1624 1185 1689; x_wconf 81' lang='lat' dir='ltr'><strong>consulatu</strong></span> <span class='ocrx_word' id='word_1_108' title='bbox 1208 1628 1335 1709; x_wconf 89' lang='lat' dir='ltr'><strong>nostro,</strong></span> <span class='ocrx_word' id='word_1_109' title='bbox 1358 1626 1481 1712; x_wconf 86' lang='lat' dir='ltr'><strong>&lt;non·&gt;</strong></span> 
     </span>
     <span class='ocr_line' id='line_1_13' title="bbox 197 1729 1479 1814; baseline 0.002 -19"><span class='ocrx_word' id='word_1_110' title='bbox 197 1752 378 1814; x_wconf 80' lang='lat' dir='ltr'><strong>numquam</strong></span> <span class='ocrx_word' id='word_1_111' title='bbox 402 1735 517 1814; x_wconf 88' lang='lat' dir='ltr'><strong>postea</strong></span> <span class='ocrx_word' id='word_1_112' title='bbox 541 1730 760 1814; x_wconf 88' lang='lat' dir='ltr'><strong>interruptus,</strong></span> <span class='ocrx_word' id='word_1_113' title='bbox 783 1729 933 1796; x_wconf 89' lang='lat' dir='ltr'><strong>adflictus</strong></span> <span class='ocrx_word' id='word_1_114' title='bbox 956 1735 1032 1795; x_wconf 91' lang='lat' dir='ltr'><strong>ante</strong></span> <span class='ocrx_word' id='word_1_115' title='bbox 1056 1736 1089 1796; x_wconf 90' lang='lat' dir='ltr'><strong>te</strong></span> <span class='ocrx_word' id='word_1_116' title='bbox 1112 1731 1291 1814; x_wconf 89' lang='lat' dir='ltr'><strong>consulem,</strong></span> <span class='ocrx_word' id='word_1_117' title='bbox 1314 1738 1479 1799; x_wconf 89' lang='lat' dir='ltr'><strong>recreatus</strong></span> 
     </span>
     <span class='ocr_line' id='line_1_14' title="bbox 197 1836 1481 1921; baseline 0.002 -20"><span class='ocrx_word' id='word_1_118' title='bbox 197 1859 259 1921; x_wconf 90' lang='lat' dir='ltr'><strong>aps</strong></span> <span class='ocrx_word' id='word_1_119' title='bbox 283 1841 316 1901; x_wconf 90' lang='lat' dir='ltr'><strong>te</strong></span> <span class='ocrx_word' id='word_1_120' title='bbox 339 1841 430 1901; x_wconf 90' lang='lat' dir='ltr'><strong>totus</strong></span> <span class='ocrx_word' id='word_1_121' title='bbox 459 1842 509 1901; x_wconf 89' lang='lat' dir='ltr'><strong>est</strong></span> <span class='ocrx_word' id='word_1_122' title='bbox 535 1859 620 1902; x_wconf 90' lang='lat' dir='ltr'><strong>nunc</strong></span> <span class='ocrx_word' id='word_1_123' title='bbox 644 1838 685 1901; x_wconf 88' lang='lat' dir='ltr'><strong>ab</strong></span> <span class='ocrx_word' id='word_1_124' title='bbox 710 1837 771 1915; x_wconf 88' lang='lat' dir='ltr'><strong>eis,</strong></span> <span class='ocrx_word' id='word_1_125' title='bbox 800 1836 962 1920; x_wconf 88' lang='lat' dir='ltr'><strong>aquibus</strong></span> <span class='ocrx_word' id='word_1_126' title='bbox 990 1838 1128 1901; x_wconf 91' lang='lat' dir='ltr'><strong>tuendus</strong></span> <span class='ocrx_word' id='word_1_127' title='bbox 1152 1837 1271 1921; x_wconf 86' lang='lat' dir='ltr'><strong>fuerat,</strong></span> <span class='ocrx_word' id='word_1_128' title='bbox 1298 1838 1481 1920; x_wconf 86' lang='lat' dir='ltr'><strong>derelictus,</strong></span> 
     </span>
     <span class='ocr_line' id='line_1_15' title="bbox 197 1941 1479 2028; baseline 0.002 -20"><span class='ocrx_word' id='word_1_129' title='bbox 197 1943 297 2028; x_wconf 92' lang='lat' dir='ltr'><strong>idque</strong></span> <span class='ocrx_word' id='word_1_130' title='bbox 330 1966 397 2008; x_wconf 90' lang='lat' dir='ltr'><strong>non</strong></span> <span class='ocrx_word' id='word_1_131' title='bbox 430 1943 535 2008; x_wconf 93' lang='lat' dir='ltr'><strong>solum</strong></span> <span class='ocrx_word' id='word_1_132' title='bbox 565 1941 675 2007; x_wconf 87' lang='lat' dir='ltr'><strong>fronte</strong></span> <span class='ocrx_word' id='word_1_133' title='bbox 708 1947 806 2028; x_wconf 92' lang='lat' dir='ltr'><strong>atque</strong></span> <span class='ocrx_word' id='word_1_134' title='bbox 839 1942 942 2024; x_wconf 86' lang='lat' dir='ltr'><strong>vultu,</strong></span> <span class='ocrx_word' id='word_1_135' title='bbox 976 1942 1093 2026; x_wconf 92' lang='lat' dir='ltr'><strong>quibus</strong></span> <span class='ocrx_word' id='word_1_136' title='bbox 1127 1942 1293 2007; x_wconf 89' lang='lat' dir='ltr'><strong>simulatio</strong></span> <span class='ocrx_word' id='word_1_137' title='bbox 1326 1943 1479 2010; x_wconf 87' lang='lat' dir='ltr'><strong>facillime</strong></span> 
     </span>
     <span class='ocr_line' id='line_1_16' title="bbox 159 2048 1481 2134; baseline 0.006 -26"><span class='ocrx_word' id='word_1_138' title='bbox 159 2069 184 2108; x_wconf 81' lang='lat' dir='ltr'><strong>n</strong></span> <span class='ocrx_word' id='word_1_139' title='bbox 200 2049 398 2133; x_wconf 85' lang='lat' dir='ltr'><strong>sustinetur,</strong></span> <span class='ocrx_word' id='word_1_140' title='bbox 426 2050 593 2115; x_wconf 88' lang='lat' dir='ltr'><strong>declarant</strong></span> <span class='ocrx_word' id='word_1_141' title='bbox 615 2048 671 2131; x_wconf 89' lang='lat' dir='ltr'><strong>iei,</strong></span> <span class='ocrx_word' id='word_1_142' title='bbox 700 2049 756 2134; x_wconf 91' lang='lat' dir='ltr'><strong>qui</strong></span> <span class='ocrx_word' id='word_1_143' title='bbox 784 2053 854 2112; x_wconf 92' lang='lat' dir='ltr'><strong>tum</strong></span> <span class='ocrx_word' id='word_1_144' title='bbox 881 2052 995 2113; x_wconf 88' lang='lat' dir='ltr'><strong>nostro</strong></span> <span class='ocrx_word' id='word_1_145' title='bbox 1023 2048 1080 2113; x_wconf 92' lang='lat' dir='ltr'><strong>illo</strong></span> <span class='ocrx_word' id='word_1_146' title='bbox 1109 2053 1198 2114; x_wconf 87' lang='lat' dir='ltr'><strong>statu</strong></span> <span class='ocrx_word' id='word_1_147' title='bbox 1227 2049 1402 2134; x_wconf 87' lang='lat' dir='ltr'><strong>optimates</strong></span> <span class='ocrx_word' id='word_1_148' title='bbox 1425 2074 1481 2116; x_wconf 91' lang='lat' dir='ltr'><strong>nc·</strong></span> 
     </span>
     <span class='ocr_line' id='line_1_17' title="bbox 199 2139 1532 2243; baseline 0.002 -21"><span class='ocrx_word' id='word_1_149' title='bbox 199 2157 420 2241; x_wconf 87' lang='lat' dir='ltr'><strong>minabantur,</strong></span> <span class='ocrx_word' id='word_1_150' title='bbox 440 2156 496 2221; x_wconf 91' lang='lat' dir='ltr'><strong>sed</strong></span> <span class='ocrx_word' id='word_1_151' title='bbox 515 2155 613 2220; x_wconf 91' lang='lat' dir='ltr'><strong>etiam</strong></span> <span class='ocrx_word' id='word_1_152' title='bbox 633 2177 730 2220; x_wconf 89' lang='lat' dir='ltr'><strong>sensu</strong></span> <span class='ocrx_word' id='word_1_153' title='bbox 749 2177 845 2238; x_wconf 89' lang='lat' dir='ltr'><strong>saepe</strong></span> <span class='ocrx_word' id='word_1_154' title='bbox 864 2155 929 2219; x_wconf 91' lang='lat' dir='ltr'><strong>iam</strong></span> <span class='ocrx_word' id='word_1_155' title='bbox 948 2155 1133 2239; x_wconf 89' lang='lat' dir='ltr'><strong>tabellaque</strong></span> <span class='ocrx_word' id='word_1_156' title='bbox 1153 2139 1351 2242; x_wconf 81' lang='lat' dir='ltr'><strong>docuerunt3¹</strong></span> <span class='ocrx_word' id='word_1_157' title='bbox 1369 2158 1479 2243; x_wconf 90' lang='lat' dir='ltr'><strong>itaque</strong></span> <span class='ocrx_word' id='word_1_158' title='bbox 1499 2175 1532 2224; x_wconf 85' lang='lat'><strong>18</strong></span> 
     </span>
     <span class='ocr_line' id='line_1_18' title="bbox 198 2261 1479 2348; baseline 0 -19"><span class='ocrx_word' id='word_1_159' title='bbox 198 2268 272 2329; x_wconf 90' lang='lat' dir='ltr'><strong>tota</strong></span> <span class='ocrx_word' id='word_1_160' title='bbox 295 2263 360 2328; x_wconf 92' lang='lat' dir='ltr'><strong>iam</strong></span> <span class='ocrx_word' id='word_1_161' title='bbox 384 2262 581 2348; x_wconf 90' lang='lat' dir='ltr'><strong>sapientium</strong></span> <span class='ocrx_word' id='word_1_162' title='bbox 604 2261 738 2344; x_wconf 86' lang='lat' dir='ltr'><strong>civium,</strong></span> <span class='ocrx_word' id='word_1_163' title='bbox 767 2262 897 2345; x_wconf 91' lang='lat' dir='ltr'><strong>qualem</strong></span> <span class='ocrx_word' id='word_1_164' title='bbox 925 2283 976 2326; x_wconf 92' lang='lat' dir='ltr'><strong>me</strong></span> <span class='ocrx_word' id='word_1_165' title='bbox 1001 2265 1035 2326; x_wconf 91' lang='lat' dir='ltr'><strong>et</strong></span> <span class='ocrx_word' id='word_1_166' title='bbox 1057 2283 1127 2327; x_wconf 88' lang='lat' dir='ltr'><strong>esse</strong></span> <span class='ocrx_word' id='word_1_167' title='bbox 1151 2266 1185 2327; x_wconf 91' lang='lat' dir='ltr'><strong>et</strong></span> <span class='ocrx_word' id='word_1_168' title='bbox 1206 2265 1372 2328; x_wconf 88' lang='lat' dir='ltr'><strong>numerari</strong></span> <span class='ocrx_word' id='word_1_169' title='bbox 1395 2265 1479 2348; x_wconf 88' lang='lat' dir='ltr'><strong>volo,</strong></span> 
     </span>
     <span class='ocr_line' id='line_1_19' title="bbox 198 2368 1479 2452; baseline 0.002 -18"><span class='ocrx_word' id='word_1_170' title='bbox 198 2374 233 2434; x_wconf 90' lang='lat' dir='ltr'><strong>et</strong></span> <span class='ocrx_word' id='word_1_171' title='bbox 257 2369 421 2435; x_wconf 89' lang='lat' dir='ltr'><strong>sententia</strong></span> <span class='ocrx_word' id='word_1_172' title='bbox 450 2372 484 2433; x_wconf 91' lang='lat' dir='ltr'><strong>et</strong></span> <span class='ocrx_word' id='word_1_173' title='bbox 514 2368 665 2432; x_wconf 86' lang='lat' dir='ltr'><strong>voluntas</strong></span> <span class='ocrx_word' id='word_1_174' title='bbox 693 2371 821 2431; x_wconf 90' lang='lat' dir='ltr'><strong>mutata</strong></span> <span class='ocrx_word' id='word_1_175' title='bbox 847 2389 917 2432; x_wconf 86' lang='lat' dir='ltr'><strong>esse</strong></span> <span class='ocrx_word' id='word_1_176' title='bbox 945 2368 1055 2452; x_wconf 93' lang='lat' dir='ltr'><strong>debet,</strong></span> <span class='ocrx_word' id='word_1_177' title='bbox 1082 2369 1115 2433; x_wconf 94' lang='lat' dir='ltr'><strong>id</strong></span> <span class='ocrx_word' id='word_1_178' title='bbox 1143 2368 1229 2433; x_wconf 90' lang='lat' dir='ltr'><strong>enim</strong></span> <span class='ocrx_word' id='word_1_179' title='bbox 1257 2368 1348 2434; x_wconf 88' lang='lat' dir='ltr'><strong>iubet</strong></span> <span class='ocrx_word' id='word_1_180' title='bbox 1376 2371 1479 2436; x_wconf 90' lang='lat' dir='ltr'><strong>eidem</strong></span> 
     </span>
     <span class='ocr_line' id='line_1_20' title="bbox 197 2473 1479 2560; baseline 0.002 -20"><span class='ocrx_word' id='word_1_181' title='bbox 197 2477 256 2541; x_wconf 92' lang='lat' dir='ltr'><strong>ille</strong></span> <span class='ocrx_word' id='word_1_182' title='bbox 276 2475 382 2560; x_wconf 90' lang='lat' dir='ltr'><strong>Plato,</strong></span> <span class='ocrx_word' id='word_1_183' title='bbox 404 2475 520 2559; x_wconf 92' lang='lat' dir='ltr'><strong>†quod</strong></span> <span class='ocrx_word' id='word_1_184' title='bbox 543 2495 604 2559; x_wconf 86' lang='lat' dir='ltr'><strong>ego</strong></span> <span class='ocrx_word' id='word_1_185' title='bbox 628 2473 837 2538; x_wconf 82' lang='lat' dir='ltr'><strong>vehementer</strong></span> <span class='ocrx_word' id='word_1_186' title='bbox 860 2477 1090 2558; x_wconf 87' lang='lat' dir='ltr'><strong>auctoremque</strong></span> <span class='ocrx_word' id='word_1_187' title='bbox 1114 2496 1159 2558; x_wconf 89' lang='lat' dir='ltr'><strong>or,</strong></span> <span class='ocrx_word' id='word_1_188' title='bbox 1183 2474 1323 2539; x_wconf 83' lang='lat' dir='ltr'><strong>‘tantum</strong></span> <span class='ocrx_word' id='word_1_189' title='bbox 1350 2481 1479 2542; x_wconf 91' lang='lat' dir='ltr'><strong>conten-</strong></span> 
     </span>
     <span class='ocr_line' id='line_1_21' title="bbox 156 2580 1478 2666; baseline 0.005 -24"><span class='ocrx_word' id='word_1_190' title='bbox 156 2603 185 2642; x_wconf 77' lang='lat' dir='ltr'><strong>sa</strong></span> <span class='ocrx_word' id='word_1_191' title='bbox 199 2584 275 2648; x_wconf 88' lang='lat' dir='ltr'><strong>dere</strong></span> <span class='ocrx_word' id='word_1_192' title='bbox 299 2582 333 2646; x_wconf 93' lang='lat' dir='ltr'><strong>in</strong></span> <span class='ocrx_word' id='word_1_193' title='bbox 355 2604 390 2646; x_wconf 88' lang='lat' dir='ltr'><strong>re</strong></span> <span class='ocrx_word' id='word_1_194' title='bbox 413 2580 553 2665; x_wconf 91' lang='lat' dir='ltr'><strong>publica,</strong></span> <span class='ocrx_word' id='word_1_195' title='bbox 577 2584 736 2664; x_wconf 90' lang='lat' dir='ltr'><strong>quantum</strong></span> <span class='ocrx_word' id='word_1_196' title='bbox 754 2580 892 2664; x_wconf 89' lang='lat' dir='ltr'><strong>probare</strong></span> <span class='ocrx_word' id='word_1_197' title='bbox 911 2580 977 2645; x_wconf 89' lang='lat' dir='ltr'><strong>tuis</strong></span> <span class='ocrx_word' id='word_1_198' title='bbox 997 2580 1121 2645; x_wconf 85' lang='lat' dir='ltr'><strong>civibus</strong></span> <span class='ocrx_word' id='word_1_199' title='bbox 1146 2581 1266 2665; x_wconf 70' lang='lat' dir='ltr'><strong>possis,</strong></span> <span class='ocrx_word' id='word_1_200' title='bbox 1290 2581 1356 2646; x_wconf 85' lang='lat' dir='ltr'><strong>vim</strong></span> <span class='ocrx_word' id='word_1_201' title='bbox 1375 2606 1478 2666; x_wconf 89' lang='lat' dir='ltr'><strong>neque</strong></span> 
     </span>
    </p>
   </div>
   <div class='ocr_carea' id='block_1_3' title="bbox 197 2686 1479 3092">
    <p class='ocr_par' dir='ltr' id='par_1_3' title="bbox 197 2686 1479 3092">
     <span class='ocr_line' id='line_1_22' title="bbox 197 2686 1478 2774; baseline 0.002 -20"><span class='ocrx_word' id='word_1_202' title='bbox 197 2689 329 2774; x_wconf 89' lang='lat' dir='ltr'><strong>parenti</strong></span> <span class='ocrx_word' id='word_1_203' title='bbox 348 2710 407 2754; x_wconf 92' lang='lat' dir='ltr'><strong>nec</strong></span> <span class='ocrx_word' id='word_1_204' title='bbox 425 2688 551 2773; x_wconf 89' lang='lat' dir='ltr'><strong>patriae</strong></span> <span class='ocrx_word' id='word_1_205' title='bbox 570 2687 695 2752; x_wconf 85' lang='lat' dir='ltr'><strong>adferre</strong></span> <span class='ocrx_word' id='word_1_206' title='bbox 711 2686 883 2770; x_wconf 68' lang='lat' dir='ltr'><strong>oportere?</strong></span> <span class='ocrx_word' id='word_1_207' title='bbox 911 2690 1007 2770; x_wconf 89' lang='lat' dir='ltr'><strong>atque</strong></span> <span class='ocrx_word' id='word_1_208' title='bbox 1026 2687 1110 2752; x_wconf 89' lang='lat' dir='ltr'><strong>hanc</strong></span> <span class='ocrx_word' id='word_1_209' title='bbox 1125 2687 1254 2771; x_wconf 91' lang='lat' dir='ltr'><strong>quidem</strong></span> <span class='ocrx_word' id='word_1_210' title='bbox 1274 2686 1328 2752; x_wconf 91' lang='lat' dir='ltr'><strong>ille</strong></span> <span class='ocrx_word' id='word_1_211' title='bbox 1348 2711 1478 2756; x_wconf 88' lang='lat' dir='ltr'><strong>causam</strong></span> 
     </span>
     <span class='ocr_line' id='line_1_23' title="bbox 198 2793 1479 2880; baseline 0.002 -20"><span class='ocrx_word' id='word_1_212' title='bbox 198 2796 263 2861; x_wconf 93' lang='lat' dir='ltr'><strong>sibi</strong></span> <span class='ocrx_word' id='word_1_213' title='bbox 288 2795 424 2859; x_wconf 85' lang='lat' dir='ltr'><strong>sitnon</strong></span> <span class='ocrx_word' id='word_1_214' title='bbox 447 2794 655 2880; x_wconf 83' lang='lat' dir='ltr'><strong>attingendae</strong></span> <span class='ocrx_word' id='word_1_215' title='bbox 680 2794 726 2860; x_wconf 87' lang='lat' dir='ltr'><strong>rei</strong></span> <span class='ocrx_word' id='word_1_216' title='bbox 750 2793 899 2878; x_wconf 90' lang='lat' dir='ltr'><strong>publicae</strong></span> <span class='ocrx_word' id='word_1_217' title='bbox 922 2793 1036 2878; x_wconf 90' lang='lat' dir='ltr'><strong>fuisse,</strong></span> <span class='ocrx_word' id='word_1_218' title='bbox 1067 2795 1167 2878; x_wconf 93' lang='lat' dir='ltr'><strong>quod,</strong></span> <span class='ocrx_word' id='word_1_219' title='bbox 1194 2816 1267 2858; x_wconf 92' lang='lat' dir='ltr'><strong>cum</strong></span> <span class='ocrx_word' id='word_1_220' title='bbox 1291 2795 1479 2862; x_wconf 86' lang='lat' dir='ltr'><strong>offendisset</strong></span> 
     </span>
     <span class='ocr_line' id='line_1_24' title="bbox 197 2900 1478 2987; baseline 0.001 -20"><span class='ocrx_word' id='word_1_221' title='bbox 197 2902 358 2987; x_wconf 92' lang='lat' dir='ltr'><strong>populum</strong></span> <span class='ocrx_word' id='word_1_222' title='bbox 389 2900 623 2966; x_wconf 86' lang='lat' dir='ltr'><strong>Atheniensem</strong></span> <span class='ocrx_word' id='word_1_223' title='bbox 661 2922 762 2985; x_wconf 91' lang='lat' dir='ltr'><strong>prope</strong></span> <span class='ocrx_word' id='word_1_224' title='bbox 794 2900 861 2965; x_wconf 92' lang='lat' dir='ltr'><strong>iam</strong></span> <span class='ocrx_word' id='word_1_225' title='bbox 893 2900 1106 2985; x_wconf 91' lang='lat' dir='ltr'><strong>desipientem</strong></span> <span class='ocrx_word' id='word_1_226' title='bbox 1143 2905 1308 2966; x_wconf 90' lang='lat' dir='ltr'><strong>senectute</strong></span> <span class='ocrx_word' id='word_1_227' title='bbox 1341 2924 1478 2987; x_wconf 91' lang='lat' dir='ltr'><strong>cumque</strong></span> 
     </span>
     <span class='ocr_line' id='line_1_25' title="bbox 198 3006 1479 3092; baseline 0.002 -20"><span class='ocrx_word' id='word_1_228' title='bbox 198 3030 274 3072; x_wconf 91' lang='lat' dir='ltr'><strong>eum</strong></span> <span class='ocrx_word' id='word_1_229' title='bbox 297 3029 357 3072; x_wconf 91' lang='lat' dir='ltr'><strong>nec</strong></span> <span class='ocrx_word' id='word_1_230' title='bbox 380 3007 602 3091; x_wconf 89' lang='lat' dir='ltr'><strong>persuadendo</strong></span> <span class='ocrx_word' id='word_1_231' title='bbox 626 3029 686 3072; x_wconf 89' lang='lat' dir='ltr'><strong>nec</strong></span> <span class='ocrx_word' id='word_1_232' title='bbox 711 3007 855 3092; x_wconf 81' lang='lat' dir='ltr'><strong>cogendo</strong></span> <span class='ocrx_word' id='word_1_233' title='bbox 879 3007 949 3092; x_wconf 84' lang='lat' dir='ltr'><strong>regi</strong></span> <span class='ocrx_word' id='word_1_234' title='bbox 972 3027 1065 3091; x_wconf 90' lang='lat' dir='ltr'><strong>posse</strong></span> <span class='ocrx_word' id='word_1_235' title='bbox 1088 3006 1232 3091; x_wconf 79' lang='lat' dir='ltr'><strong>vidisset,</strong></span> <span class='ocrx_word' id='word_1_236' title='bbox 1256 3030 1330 3073; x_wconf 93' lang='lat' dir='ltr'><strong>cum</strong></span> <span class='ocrx_word' id='word_1_237' title='bbox 1348 3031 1479 3092; x_wconf 90' lang='lat' dir='ltr'><strong>persua·</strong></span> 
     </span>
    </p>
   </div>
   <div class='ocr_carea' id='block_1_4' title="bbox 189 3197 1480 4903">
    <p class='ocr_par' dir='ltr' id='par_1_4' title="bbox 189 3197 1480 4903">
     <span class='ocr_line' id='line_1_26' title="bbox 271 3197 1477 3284; baseline 0.005 -32"><span class='ocrx_word' id='word_1_238' title='bbox 271 3273 276 3284; x_wconf 94' lang='lat'><strong>.</strong></span> <span class='ocrx_word' id='word_1_239' title='bbox 290 3206 313 3255; x_wconf 91' lang='lat'><strong>1.</strong></span> <span class='ocrx_word' id='word_1_240' title='bbox 328 3198 544 3284; x_wconf 81' lang='lat' dir='ltr'><strong>reciperauisset</strong></span> <span class='ocrx_word' id='word_1_241' title='bbox 558 3200 599 3267; x_wconf 88' lang='lat' dir='ltr'><strong>M,</strong></span> <span class='ocrx_word' id='word_1_242' title='bbox 618 3198 740 3268; x_wconf 87' lang='lat' dir='ltr'><strong>recipere</strong></span> <span class='ocrx_word' id='word_1_243' title='bbox 754 3197 882 3253; x_wconf 82' lang='lat' dir='ltr'><strong>licuisset</strong></span> <span class='ocrx_word' id='word_1_244' title='bbox 892 3198 926 3282; x_wconf 82' lang='lat' dir='ltr'><strong>G,</strong></span> <span class='ocrx_word' id='word_1_245' title='bbox 940 3198 1063 3268; x_wconf 88' lang='lat' dir='ltr'><strong>recipere</strong></span> <span class='ocrx_word' id='word_1_246' title='bbox 1077 3201 1203 3252; x_wconf 81' lang='lat' dir='ltr'><strong>curasset</strong></span> <span class='ocrx_word' id='word_1_247' title='bbox 1212 3200 1240 3254; x_wconf 85' lang='lat' dir='ltr'><em>R</em></span> <span class='ocrx_word' id='word_1_248' title='bbox 1254 3201 1263 3268; x_wconf 85' lang='grc' dir='ltr'><strong>ΙΙ</strong></span> <span class='ocrx_word' id='word_1_249' title='bbox 1277 3200 1432 3270; x_wconf 87' lang='lat' dir='ltr'><strong>quidquam</strong></span> <span class='ocrx_word' id='word_1_250' title='bbox 1441 3203 1477 3258; x_wconf 88' lang='lat' dir='ltr'><strong>R.</strong></span> 
     </span>
     <span class='ocr_line' id='line_1_27' title="bbox 195 3271 1477 3410; baseline 0.001 -14"><span class='ocrx_word' id='word_1_251' title='bbox 195 3273 306 3396; x_wconf 45' lang='lat' dir='ltr'><strong>suffllllniiilo</strong></span> <span class='ocrx_word' id='word_1_252' title='bbox 318 3271 949 3410; x_wconf 46' lang='lat' dir='ltr'><strong>illailditallibldlbn&#39;blibbliorbauidngli’(ciiirdtbdwti</strong></span> <span class='ocrx_word' id='word_1_253' title='bbox 963 3271 1009 3407; x_wconf 63' lang='lat' dir='ltr'><strong>pp)</strong></span> <span class='ocrx_word' id='word_1_254' title='bbox 1023 3271 1070 3408; x_wconf 58' lang='lat' dir='ltr'><strong>ill.</strong></span> <span class='ocrx_word' id='word_1_255' title='bbox 1083 3272 1477 3397; x_wconf 45' lang='lat' dir='ltr'><strong>boabi‘i&#39;diiiiucldtidnbii&#39;llill</strong></span> 
     </span>
     <span class='ocr_line' id='line_1_28' title="bbox 195 3411 1479 3482; baseline 0.002 -15"><span class='ocrx_word' id='word_1_256' title='bbox 195 3420 221 3469; x_wconf 87' lang='lat'><strong>8.</strong></span> <span class='ocrx_word' id='word_1_257' title='bbox 242 3412 397 3467; x_wconf 84' lang='lat' dir='ltr'><strong>desciscere</strong></span> <span class='ocrx_word' id='word_1_258' title='bbox 415 3429 459 3466; x_wconf 90' lang='lat' dir='ltr'><strong>ms</strong></span> <span class='ocrx_word' id='word_1_259' title='bbox 479 3414 592 3481; x_wconf 70' lang='lat' dir='ltr'><strong>Schultz,</strong></span> <span class='ocrx_word' id='word_1_260' title='bbox 610 3412 793 3467; x_wconf 87' lang='lat' dir='ltr'><strong>desciscerem</strong></span> <span class='ocrx_word' id='word_1_261' title='bbox 811 3412 881 3478; x_wconf 83' lang='lat' dir='ltr'><strong>MG,</strong></span> <span class='ocrx_word' id='word_1_262' title='bbox 901 3411 1055 3481; x_wconf 40' lang='lat' dir='ltr'><strong>desererer,</strong></span> <span class='ocrx_word' id='word_1_263' title='bbox 1082 3414 1158 3480; x_wconf 85' lang='lat' dir='ltr'><strong>(acta</strong></span> <span class='ocrx_word' id='word_1_264' title='bbox 1179 3415 1420 3482; x_wconf 65' lang='lat' dir='ltr'><strong>interpunctionis,</strong></span> <span class='ocrx_word' id='word_1_265' title='bbox 1448 3423 1479 3470; x_wconf 82' lang='lat' dir='ltr'><strong>at</strong></span> 
     </span>
     <span class='ocr_line' id='line_1_29' title="bbox 196 3482 1478 3553; baseline 0 -13"><span class='ocrx_word' id='word_1_266' title='bbox 196 3486 265 3552; x_wconf 77' lang='lat' dir='ltr'><strong>eid,</strong></span> <span class='ocrx_word' id='word_1_267' title='bbox 283 3487 374 3552; x_wconf 68' lang='lat' dir='ltr'><strong>aoso)</strong></span> <span class='ocrx_word' id='word_1_268' title='bbox 393 3483 423 3537; x_wconf 90' lang='lat' dir='ltr'><strong>in</strong></span> <span class='ocrx_word' id='word_1_269' title='bbox 441 3485 469 3540; x_wconf 88' lang='lat' dir='ltr'><em>R</em></span> <span class='ocrx_word' id='word_1_270' title='bbox 487 3487 497 3553; x_wconf 90' lang='lat' dir='ltr'><strong>l</strong></span> <span class='ocrx_word' id='word_1_271' title='bbox 516 3501 533 3537; x_wconf 92' lang='lat' dir='ltr'><strong>a</strong></span> <span class='ocrx_word' id='word_1_272' title='bbox 550 3502 601 3538; x_wconf 82' lang='lat' dir='ltr'><strong>cnr.</strong></span> <span class='ocrx_word' id='word_1_273' title='bbox 621 3486 648 3537; x_wconf 85' lang='lat' dir='ltr'><strong>a</strong></span> <span class='ocrx_word' id='word_1_274' title='bbox 665 3485 675 3552; x_wconf 73' lang='lat' dir='ltr'><strong>l</strong></span> <span class='ocrx_word' id='word_1_275' title='bbox 693 3490 716 3538; x_wconf 87' lang='grc'><strong>9.</strong></span> <span class='ocrx_word' id='word_1_276' title='bbox 736 3482 833 3552; x_wconf 91' lang='lat' dir='ltr'><strong>paullo</strong></span> <span class='ocrx_word' id='word_1_277' title='bbox 853 3500 869 3541; x_wconf 86' lang='grc' dir='ltr'><strong><em>ς</em></strong></span> <span class='ocrx_word' id='word_1_278' title='bbox 887 3484 896 3549; x_wconf 75' lang='lat' dir='ltr'><strong>l</strong></span> <span class='ocrx_word' id='word_1_279' title='bbox 913 3485 973 3536; x_wconf 91' lang='lat' dir='ltr'><strong>tum</strong></span> <span class='ocrx_word' id='word_1_280' title='bbox 996 3483 1049 3537; x_wconf 88' lang='lat' dir='ltr'><strong>hoc</strong></span> <span class='ocrx_word' id='word_1_281' title='bbox 1068 3484 1113 3550; x_wconf 92' lang='lat' dir='ltr'><strong>M,</strong></span> <span class='ocrx_word' id='word_1_282' title='bbox 1136 3485 1168 3536; x_wconf 91' lang='lat' dir='ltr'><strong>tu</strong></span> <span class='ocrx_word' id='word_1_283' title='bbox 1187 3483 1217 3536; x_wconf 91' lang='lat' dir='ltr'><strong>in</strong></span> <span class='ocrx_word' id='word_1_284' title='bbox 1235 3484 1288 3538; x_wconf 92' lang='lat' dir='ltr'><strong>hoc</strong></span> <span class='ocrx_word' id='word_1_285' title='bbox 1308 3486 1346 3548; x_wconf 86' lang='lat' dir='ltr'><strong>G,</strong></span> <span class='ocrx_word' id='word_1_286' title='bbox 1369 3487 1430 3539; x_wconf 87' lang='lat' dir='ltr'><strong>tum</strong></span> <span class='ocrx_word' id='word_1_287' title='bbox 1448 3485 1478 3540; x_wconf 91' lang='lat' dir='ltr'><strong>in</strong></span> 
     </span>
     <span class='ocr_line' id='line_1_30' title="bbox 197 3554 1479 3625; baseline 0.001 -17"><span class='ocrx_word' id='word_1_288' title='bbox 197 3556 253 3609; x_wconf 89' lang='lat' dir='ltr'><strong>hoc</strong></span> <span class='ocrx_word' id='word_1_289' title='bbox 272 3556 329 3622; x_wconf 77' lang='grc' dir='ltr'><strong>Β)</strong></span> <span class='ocrx_word' id='word_1_290' title='bbox 352 3559 393 3609; x_wconf 92' lang='lat'><strong>10.</strong></span> <span class='ocrx_word' id='word_1_291' title='bbox 414 3554 537 3609; x_wconf 85' lang='lat' dir='ltr'><strong>offendes</strong></span> <span class='ocrx_word' id='word_1_292' title='bbox 556 3556 591 3608; x_wconf 88' lang='lat' dir='ltr'><em>M</em></span> <span class='ocrx_word' id='word_1_293' title='bbox 615 3558 688 3623; x_wconf 73' lang='lat' dir='ltr'><strong>(ens</strong></span> <span class='ocrx_word' id='word_1_294' title='bbox 707 3556 780 3623; x_wconf 59' lang='grc' dir='ltr'><strong>ΜΓ),</strong></span> <span class='ocrx_word' id='word_1_295' title='bbox 806 3570 851 3608; x_wconf 91' lang='lat' dir='ltr'><strong>-as</strong></span> <span class='ocrx_word' id='word_1_296' title='bbox 871 3555 952 3621; x_wconf 77' lang='lat' dir='ltr'><strong>GRss</strong></span> <span class='ocrx_word' id='word_1_297' title='bbox 976 3561 1016 3610; x_wconf 90' lang='grc'><strong>11,</strong></span> <span class='ocrx_word' id='word_1_298' title='bbox 1037 3560 1079 3608; x_wconf 82' lang='lat'><strong>12.</strong></span> <span class='ocrx_word' id='word_1_299' title='bbox 1099 3570 1308 3624; x_wconf 85' lang='lat' dir='ltr'><strong>nonnumquam</strong></span> <span class='ocrx_word' id='word_1_300' title='bbox 1333 3557 1479 3625; x_wconf 74' lang='lat' dir='ltr'><strong>Victoriae,</strong></span> 
     </span>
     <span class='ocr_line' id='line_1_31' title="bbox 196 3624 1478 3695; baseline 0.002 -16"><span class='ocrx_word' id='word_1_301' title='bbox 196 3642 353 3695; x_wconf 87' lang='lat' dir='ltr'><strong>numquam</strong></span> <span class='ocrx_word' id='word_1_302' title='bbox 367 3628 393 3679; x_wconf 83' lang='lat' dir='ltr'><strong>a</strong></span> <span class='ocrx_word' id='word_1_303' title='bbox 407 3629 416 3694; x_wconf 70' lang='grc' dir='ltr'><strong>ῃ</strong></span> <span class='ocrx_word' id='word_1_304' title='bbox 432 3632 472 3680; x_wconf 85' lang='grc'><strong>13.</strong></span> <span class='ocrx_word' id='word_1_305' title='bbox 488 3643 506 3680; x_wconf 90' lang='lat' dir='ltr'><strong>a</strong></span> <span class='ocrx_word' id='word_1_306' title='bbox 526 3627 595 3692; x_wconf 89' lang='lat' dir='ltr'><strong>sM,</strong></span> <span class='ocrx_word' id='word_1_307' title='bbox 615 3625 666 3679; x_wconf 91' lang='lat' dir='ltr'><strong>abs</strong></span> <span class='ocrx_word' id='word_1_308' title='bbox 682 3626 737 3680; x_wconf 84' lang='lat' dir='ltr'><strong>GR</strong></span> <span class='ocrx_word' id='word_1_309' title='bbox 752 3626 823 3693; x_wconf 68' lang='grc' dir='ltr'>(Μ’)</span> <span class='ocrx_word' id='word_1_310' title='bbox 837 3628 847 3694; x_wconf 82' lang='grc'>)</span> <span class='ocrx_word' id='word_1_311' title='bbox 861 3624 913 3695; x_wconf 91' lang='lat' dir='ltr'><strong>eis]</strong></span> <span class='ocrx_word' id='word_1_312' title='bbox 935 3624 979 3678; x_wconf 89' lang='lat' dir='ltr'><strong>his</strong></span> <span class='ocrx_word' id='word_1_313' title='bbox 995 3628 1043 3692; x_wconf 77' lang='grc' dir='ltr'><strong>Ω)</strong></span> <span class='ocrx_word' id='word_1_314' title='bbox 1061 3631 1099 3680; x_wconf 90' lang='grc'><strong>14,</strong></span> <span class='ocrx_word' id='word_1_315' title='bbox 1120 3624 1205 3693; x_wconf 90' lang='lat' dir='ltr'><strong>idque</strong></span> <span class='ocrx_word' id='word_1_316' title='bbox 1223 3628 1285 3692; x_wconf 75' lang='lat' dir='ltr'><strong>fort.</strong></span> <span class='ocrx_word' id='word_1_317' title='bbox 1307 3643 1340 3680; x_wconf 82' lang='lat' dir='ltr'><strong>ea</strong></span> <span class='ocrx_word' id='word_1_318' title='bbox 1359 3626 1388 3679; x_wconf 93' lang='lat' dir='ltr'><strong>id</strong></span> <span class='ocrx_word' id='word_1_319' title='bbox 1402 3628 1478 3695; x_wconf 92' lang='lat' dir='ltr'><strong>quod</strong></span> 
     </span>
     <span class='ocr_line' id='line_1_32' title="bbox 195 3644 1478 3767; baseline 0.001 -15"><span class='ocrx_word' id='word_1_320' title='bbox 195 3698 321 3752; x_wconf 81' lang='lat' dir='ltr'><strong>radendo</strong></span> <span class='ocrx_word' id='word_1_321' title='bbox 335 3697 387 3765; x_wconf 75' lang='grc' dir='ltr'><strong>Β)</strong></span> <span class='ocrx_word' id='word_1_322' title='bbox 403 3701 442 3751; x_wconf 82' lang='lat'><strong>15.</strong></span> <span class='ocrx_word' id='word_1_323' title='bbox 463 3644 609 3751; x_wconf 71' lang='lat' dir='ltr'><strong>declarant</strong></span> <span class='ocrx_word' id='word_1_324' title='bbox 627 3695 665 3750; x_wconf 89' lang='lat' dir='ltr'><strong>iei</strong></span> <span class='ocrx_word' id='word_1_325' title='bbox 683 3698 791 3765; x_wconf 71' lang='lat' dir='ltr'><strong>accipet,</strong></span> <span class='ocrx_word' id='word_1_326' title='bbox 809 3694 965 3750; x_wconf 89' lang='lat' dir='ltr'><strong>declaranti</strong></span> <span class='ocrx_word' id='word_1_327' title='bbox 983 3696 1010 3750; x_wconf 92' lang='lat' dir='ltr'><strong>ei</strong></span> <span class='ocrx_word' id='word_1_328' title='bbox 1028 3698 1070 3762; x_wconf 88' lang='lat' dir='ltr'><strong>M,</strong></span> <span class='ocrx_word' id='word_1_329' title='bbox 1090 3695 1236 3750; x_wconf 87' lang='lat' dir='ltr'><strong>declarant</strong></span> <span class='ocrx_word' id='word_1_330' title='bbox 1253 3696 1275 3749; x_wconf 90' lang='lat' dir='ltr'><strong>ii</strong></span> <span class='ocrx_word' id='word_1_331' title='bbox 1294 3696 1346 3764; x_wconf 84' lang='lat' dir='ltr'><strong>(hii</strong></span> <span class='ocrx_word' id='word_1_332' title='bbox 1357 3698 1393 3766; x_wconf 84' lang='lat' dir='ltr'><strong>G)</strong></span> <span class='ocrx_word' id='word_1_333' title='bbox 1405 3699 1478 3767; x_wconf 66' lang='lat' dir='ltr'><strong>GR‘J</strong></span> 
     </span>
     <span class='ocr_line' id='line_1_33' title="bbox 197 3767 1475 3839; baseline 0 -17"><span class='ocrx_word' id='word_1_334' title='bbox 197 3772 259 3822; x_wconf 91' lang='lat' dir='ltr'><strong>tum</strong></span> <span class='ocrx_word' id='word_1_335' title='bbox 279 3767 351 3839; x_wconf 77' lang='lat' dir='ltr'><strong>(in)</strong></span> <span class='ocrx_word' id='word_1_336' title='bbox 371 3769 466 3821; x_wconf 87' lang='lat' dir='ltr'><strong>nostro</strong></span> <span class='ocrx_word' id='word_1_337' title='bbox 483 3769 641 3838; x_wconf 77' lang='lat' dir='ltr'><strong>Wesersberp</strong></span> <span class='ocrx_word' id='word_1_338' title='bbox 660 3771 669 3836; x_wconf 94' lang='lat' dir='ltr'><strong>l</strong></span> <span class='ocrx_word' id='word_1_339' title='bbox 694 3772 734 3821; x_wconf 87' lang='grc'><strong>16.</strong></span> <span class='ocrx_word' id='word_1_340' title='bbox 754 3768 849 3838; x_wconf 86' lang='lat' dir='ltr'><strong>sensu]</strong></span> <span class='ocrx_word' id='word_1_341' title='bbox 869 3767 1009 3820; x_wconf 88' lang='lat' dir='ltr'><strong>sententia</strong></span> <span class='ocrx_word' id='word_1_342' title='bbox 1028 3767 1184 3821; x_wconf 79' lang='lat' dir='ltr'><strong>Manutius.</strong></span> <span class='ocrx_word' id='word_1_343' title='bbox 1202 3773 1232 3820; x_wconf 84' lang='lat' dir='ltr'><strong>at</strong></span> <span class='ocrx_word' id='word_1_344' title='bbox 1250 3769 1285 3829; x_wconf 76' lang='lat' dir='ltr'><strong>cf.</strong></span> <span class='ocrx_word' id='word_1_345' title='bbox 1305 3768 1392 3821; x_wconf 73' lang='lat' dir='ltr'><strong>Klotz</strong></span> <span class='ocrx_word' id='word_1_346' title='bbox 1411 3769 1475 3836; x_wconf 73' lang='lat' dir='ltr'><strong>(Orc.</strong></span> 
     </span>
     <span class='ocr_line' id='line_1_34' title="bbox 195 3837 1477 3909; baseline -0.003 -18"><span class='ocrx_word' id='word_1_347' title='bbox 195 3841 256 3908; x_wconf 67' lang='lat' dir='ltr'><strong>op.²</strong></span> <span class='ocrx_word' id='word_1_348' title='bbox 268 3839 316 3903; x_wconf 91' lang='lat' dir='ltr'><strong>Ill,</strong></span> <span class='ocrx_word' id='word_1_349' title='bbox 334 3845 345 3890; x_wconf 92' lang='lat'>1</span> <span class='ocrx_word' id='word_1_350' title='bbox 359 3856 388 3906; x_wconf 84' lang='lat' dir='ltr'><strong>p.</strong></span> <span class='ocrx_word' id='word_1_351' title='bbox 399 3838 435 3905; x_wconf 88' lang='lat' dir='ltr'><strong>V)</strong></span> <span class='ocrx_word' id='word_1_352' title='bbox 454 3846 479 3893; x_wconf 86' lang='lat' dir='ltr'><strong>et</strong></span> <span class='ocrx_word' id='word_1_353' title='bbox 495 3839 602 3909; x_wconf 75' lang='lat' dir='ltr'><strong>Tyrrell</strong></span> <span class='ocrx_word' id='word_1_354' title='bbox 620 3839 685 3907; x_wconf 79' lang='lat' dir='ltr'><strong>(Cic.</strong></span> <span class='ocrx_word' id='word_1_355' title='bbox 701 3856 741 3906; x_wconf 82' lang='lat' dir='ltr'><strong>cp.</strong></span> <span class='ocrx_word' id='word_1_356' title='bbox 757 3844 775 3891; x_wconf 82' lang='lat' dir='ltr'><strong>t.</strong></span> <span class='ocrx_word' id='word_1_357' title='bbox 790 3838 816 3891; x_wconf 92' lang='grc' dir='ltr'>Π</span> <span class='ocrx_word' id='word_1_358' title='bbox 826 3856 856 3906; x_wconf 83' lang='lat' dir='ltr'><strong>p.</strong></span> <span class='ocrx_word' id='word_1_359' title='bbox 873 3841 935 3904; x_wconf 78' lang='grc'>174)</span> <span class='ocrx_word' id='word_1_360' title='bbox 949 3840 958 3904; x_wconf 81' lang='grc' dir='ltr'><strong>Ι)</strong></span> <span class='ocrx_word' id='word_1_361' title='bbox 972 3837 1029 3890; x_wconf 91' lang='lat' dir='ltr'><strong>iam</strong></span> <span class='ocrx_word' id='word_1_362' title='bbox 1047 3838 1209 3905; x_wconf 88' lang='lat' dir='ltr'><strong>tabellaque</strong></span> <span class='ocrx_word' id='word_1_363' title='bbox 1220 3839 1290 3903; x_wconf 85' lang='lat' dir='ltr'><strong>MG,</strong></span> <span class='ocrx_word' id='word_1_364' title='bbox 1308 3837 1418 3891; x_wconf 89' lang='lat' dir='ltr'><strong>tabella</strong></span> <span class='ocrx_word' id='word_1_365' title='bbox 1431 3840 1459 3893; x_wconf 83' lang='lat' dir='ltr'><strong>It</strong></span> <span class='ocrx_word' id='word_1_366' title='bbox 1475 3864 1477 3887; x_wconf 63' lang='lat' dir='ltr'><strong>r</strong></span> 
     </span>
     <span class='ocr_line' id='line_1_35' title="bbox 198 3909 1480 3979; baseline 0.001 -16"><span class='ocrx_word' id='word_1_367' title='bbox 198 3916 241 3963; x_wconf 87' lang='lat'><strong>18.</strong></span> <span class='ocrx_word' id='word_1_368' title='bbox 260 3909 353 3963; x_wconf 91' lang='lat' dir='ltr'><strong>eidem</strong></span> <span class='ocrx_word' id='word_1_369' title='bbox 372 3911 406 3975; x_wconf 79' lang='lat' dir='ltr'><strong>a,</strong></span> <span class='ocrx_word' id='word_1_370' title='bbox 425 3909 501 3963; x_wconf 89' lang='lat' dir='ltr'><strong>idem</strong></span> <span class='ocrx_word' id='word_1_371' title='bbox 520 3911 569 3963; x_wconf 81' lang='lat' dir='ltr'><strong>Mr</strong></span> <span class='ocrx_word' id='word_1_372' title='bbox 582 3914 592 3979; x_wconf 91' lang='lat' dir='ltr'><strong>l</strong></span> <span class='ocrx_word' id='word_1_373' title='bbox 607 3915 647 3963; x_wconf 85' lang='lat'><strong>19.</strong></span> <span class='ocrx_word' id='word_1_374' title='bbox 668 3909 744 3978; x_wconf 93' lang='lat' dir='ltr'><strong>quod</strong></span> <span class='ocrx_word' id='word_1_375' title='bbox 762 3925 785 3963; x_wconf 89' lang='lat' dir='ltr'><strong>e.</strong></span> <span class='ocrx_word' id='word_1_376' title='bbox 806 3926 831 3963; x_wconf 92' lang='lat' dir='ltr'><strong>u.</strong></span> <span class='ocrx_word' id='word_1_377' title='bbox 853 3910 1050 3977; x_wconf 90' lang='lat' dir='ltr'><strong>auctoremque</strong></span> <span class='ocrx_word' id='word_1_378' title='bbox 1069 3911 1191 3962; x_wconf 90' lang='lat' dir='ltr'><strong>artatum</strong></span> <span class='ocrx_word' id='word_1_379' title='bbox 1212 3910 1253 3975; x_wconf 90' lang='grc' dir='ltr'><strong>Μ,</strong></span> <span class='ocrx_word' id='word_1_380' title='bbox 1272 3915 1296 3962; x_wconf 87' lang='lat' dir='ltr'><strong>et</strong></span> <span class='ocrx_word' id='word_1_381' title='bbox 1315 3912 1356 3963; x_wconf 84' lang='lat' dir='ltr'><strong>ita</strong></span> <span class='ocrx_word' id='word_1_382' title='bbox 1375 3911 1438 3979; x_wconf 76' lang='lat' dir='ltr'><strong>lepit</strong></span> <span class='ocrx_word' id='word_1_383' title='bbox 1452 3911 1480 3963; x_wconf 94' lang='lat' dir='ltr'><strong><em>P</em></strong></span> 
     </span>
     <span class='ocr_line' id='line_1_36' title="bbox 195 3980 1478 4050; baseline 0.001 -17"><span class='ocrx_word' id='word_1_384' title='bbox 195 3982 253 4034; x_wconf 80' lang='lat' dir='ltr'><strong>m’ai</strong></span> <span class='ocrx_word' id='word_1_385' title='bbox 271 3982 343 4050; x_wconf 68' lang='lat' dir='ltr'><strong>quaed</strong></span> <span class='ocrx_word' id='word_1_386' title='bbox 361 3996 416 4047; x_wconf 92' lang='lat' dir='ltr'><strong>quo</strong></span> <span class='ocrx_word' id='word_1_387' title='bbox 435 3998 469 4034; x_wconf 80' lang='lat' dir='ltr'><strong>ea</strong></span> <span class='ocrx_word' id='word_1_388' title='bbox 488 3980 563 4048; x_wconf 93' lang='lat' dir='ltr'><strong>quod</strong></span> <span class='ocrx_word' id='word_1_389' title='bbox 580 3999 614 4034; x_wconf 86' lang='lat' dir='ltr'><strong>m.</strong></span> <span class='ocrx_word' id='word_1_390' title='bbox 638 3986 651 4032; x_wconf 95' lang='lat'>1</span> <span class='ocrx_word' id='word_1_391' title='bbox 672 3981 851 4050; x_wconf 77' lang='lat' dir='ltr'><strong>expanpersdo</strong></span> <span class='ocrx_word' id='word_1_392' title='bbox 870 3982 935 4046; x_wconf 78' lang='lat' dir='ltr'><strong>fecit</strong></span> <span class='ocrx_word' id='word_1_393' title='bbox 957 3982 1051 4047; x_wconf 88' lang='lat' dir='ltr'><strong>(quem</strong></span> <span class='ocrx_word' id='word_1_394' title='bbox 1071 3997 1093 4035; x_wconf 86' lang='lat' dir='ltr'><strong>c.</strong></span> <span class='ocrx_word' id='word_1_395' title='bbox 1114 3997 1139 4034; x_wconf 93' lang='lat' dir='ltr'><strong>u.</strong></span> <span class='ocrx_word' id='word_1_396' title='bbox 1160 3982 1357 4047; x_wconf 87' lang='lat' dir='ltr'><strong>auctoremque</strong></span> <span class='ocrx_word' id='word_1_397' title='bbox 1377 3997 1478 4048; x_wconf 92' lang='lat' dir='ltr'><strong>sequor</strong></span> 
     </span>
     <span class='ocr_line' id='line_1_37' title="bbox 194 4051 1477 4120; baseline -0.002 -14"><span class='ocrx_word' id='word_1_398' title='bbox 194 4053 257 4117; x_wconf 83' lang='lat' dir='ltr'><strong>(boc</strong></span> <span class='ocrx_word' id='word_1_399' title='bbox 274 4068 330 4105; x_wconf 75' lang='lat' dir='ltr'><strong>coc,</strong></span> <span class='ocrx_word' id='word_1_400' title='bbox 349 4053 381 4104; x_wconf 77' lang='lat' dir='ltr'><strong>irs</strong></span> <span class='ocrx_word' id='word_1_401' title='bbox 399 4070 450 4120; x_wconf 79' lang='lat' dir='ltr'><strong>rap.</strong></span> <span class='ocrx_word' id='word_1_402' title='bbox 469 4070 494 4105; x_wconf 83' lang='lat' dir='ltr'><strong>a.</strong></span> <span class='ocrx_word' id='word_1_403' title='bbox 513 4069 548 4105; x_wconf 86' lang='lat' dir='ltr'><strong>m.</strong></span> <span class='ocrx_word' id='word_1_404' title='bbox 567 4069 587 4105; x_wconf 82' lang='lat' dir='ltr'><strong>s.</strong></span> <span class='ocrx_word' id='word_1_405' title='bbox 603 4051 664 4119; x_wconf 85' lang='lat' dir='ltr'><strong>XV)</strong></span> <span class='ocrx_word' id='word_1_406' title='bbox 688 4053 831 4104; x_wconf 88' lang='lat' dir='ltr'><strong>ortantum</strong></span> <span class='ocrx_word' id='word_1_407' title='bbox 850 4052 923 4119; x_wconf 70' lang='lat' dir='ltr'><strong>Mfl,</strong></span> <span class='ocrx_word' id='word_1_408' title='bbox 952 4051 1027 4118; x_wconf 92' lang='lat' dir='ltr'><strong>quod</strong></span> <span class='ocrx_word' id='word_1_409' title='bbox 1053 4067 1075 4106; x_wconf 91' lang='lat' dir='ltr'><strong>e.</strong></span> <span class='ocrx_word' id='word_1_410' title='bbox 1100 4069 1125 4105; x_wconf 93' lang='lat' dir='ltr'><strong>u.</strong></span> <span class='ocrx_word' id='word_1_411' title='bbox 1151 4053 1278 4120; x_wconf 89' lang='lat' dir='ltr'><strong>optarem</strong></span> <span class='ocrx_word' id='word_1_412' title='bbox 1301 4053 1329 4104; x_wconf 87' lang='lat' dir='ltr'><strong>te</strong></span> <span class='ocrx_word' id='word_1_413' title='bbox 1353 4053 1477 4104; x_wconf 88' lang='lat' dir='ltr'><strong>artatum</strong></span> 
     </span>
     <span class='ocr_line' id='line_1_38' title="bbox 194 4122 1475 4191; baseline 0.002 -16"><span class='ocrx_word' id='word_1_414' title='bbox 194 4122 352 4189; x_wconf 74' lang='lat' dir='ltr'><strong>(hortatum</strong></span> <span class='ocrx_word' id='word_1_415' title='bbox 371 4122 410 4191; x_wconf 84' lang='lat' dir='ltr'><strong>R)</strong></span> <span class='ocrx_word' id='word_1_416' title='bbox 431 4123 493 4177; x_wconf 82' lang='lat' dir='ltr'><strong>GR.</strong></span> <span class='ocrx_word' id='word_1_417' title='bbox 522 4139 605 4190; x_wconf 92' lang='lat' dir='ltr'><strong>quem</strong></span> <span class='ocrx_word' id='word_1_418' title='bbox 624 4138 676 4191; x_wconf 87' lang='lat' dir='ltr'><strong>ego</strong></span> <span class='ocrx_word' id='word_1_419' title='bbox 696 4122 875 4176; x_wconf 88' lang='lat' dir='ltr'><strong>uehementer</strong></span> <span class='ocrx_word' id='word_1_420' title='bbox 898 4124 1040 4176; x_wconf 86' lang='lat' dir='ltr'><strong>auctorem</strong></span> <span class='ocrx_word' id='word_1_421' title='bbox 1063 4139 1176 4190; x_wconf 90' lang='lat' dir='ltr'><strong>sequor,</strong></span> <span class='ocrx_word' id='word_1_422' title='bbox 1201 4124 1311 4174; x_wconf 88' lang='lat' dir='ltr'><strong>tantum</strong></span> <span class='ocrx_word' id='word_1_423' title='bbox 1332 4138 1347 4178; x_wconf 86' lang='grc' dir='ltr'>ς</span> <span class='ocrx_word' id='word_1_424' title='bbox 1367 4141 1400 4175; x_wconf 83' lang='lat' dir='ltr'><strong>cc</strong></span> <span class='ocrx_word' id='word_1_425' title='bbox 1418 4123 1456 4176; x_wconf 95' lang='lat' dir='ltr'><strong>M</strong></span> <span class='ocrx_word' id='word_1_426' title='bbox 1458 4131 1475 4177; x_wconf 77' lang='lat'><strong>¹.</strong></span> 
     </span>
     <span class='ocr_line' id='line_1_39' title="bbox 193 4192 1475 4274; baseline 0 -28"><span class='ocrx_word' id='word_1_427' title='bbox 193 4211 235 4246; x_wconf 76' lang='lat' dir='ltr'><strong>rra</strong></span> <span class='ocrx_word' id='word_1_428' title='bbox 252 4209 307 4261; x_wconf 91' lang='lat' dir='ltr'><strong>quo</strong></span> <span class='ocrx_word' id='word_1_429' title='bbox 327 4208 381 4274; x_wconf 74' lang='lat' dir='ltr'><strong>ego</strong></span> <span class='ocrx_word' id='word_1_430' title='bbox 399 4192 578 4248; x_wconf 85' lang='lat' dir='ltr'><strong>vehementer</strong></span> <span class='ocrx_word' id='word_1_431' title='bbox 596 4196 709 4246; x_wconf 90' lang='lat' dir='ltr'><strong>auctore</strong></span> <span class='ocrx_word' id='word_1_432' title='bbox 725 4210 845 4258; x_wconf 84' lang='lat' dir='ltr'><strong>moveor,</strong></span> <span class='ocrx_word' id='word_1_433' title='bbox 865 4194 993 4246; x_wconf 81' lang='lat' dir='ltr'><strong>tantum?</strong></span> <span class='ocrx_word' id='word_1_434' title='bbox 1012 4195 1046 4260; x_wconf 77' lang='lat' dir='ltr'><strong>cf.</strong></span> <span class='ocrx_word' id='word_1_435' title='bbox 1062 4213 1085 4248; x_wconf 88' lang='lat' dir='ltr'><strong>o.</strong></span> <span class='ocrx_word' id='word_1_436' title='bbox 1096 4211 1117 4248; x_wconf 90' lang='lat' dir='ltr'><strong>c.</strong></span> <span class='ocrx_word' id='word_1_437' title='bbox 1133 4195 1179 4260; x_wconf 93' lang='lat' dir='ltr'><strong>Ill,</strong></span> <span class='ocrx_word' id='word_1_438' title='bbox 1194 4199 1218 4260; x_wconf 89' lang='lat'><strong>8,</strong></span> <span class='ocrx_word' id='word_1_439' title='bbox 1230 4199 1259 4247; x_wconf 81' lang='lat'><strong>5:</strong></span> <span class='ocrx_word' id='word_1_440' title='bbox 1281 4195 1379 4261; x_wconf 87' lang='lat' dir='ltr'><strong>‘quare</strong></span> <span class='ocrx_word' id='word_1_441' title='bbox 1394 4197 1475 4262; x_wconf 84' lang='lat' dir='ltr'><strong>potes</strong></span> 
     </span>
     <span class='ocr_line' id='line_1_40' title="bbox 194 4263 1475 4334; baseline -0.001 -17"><span class='ocrx_word' id='word_1_442' title='bbox 194 4263 368 4318; x_wconf 78' lang='lat' dir='ltr'><strong>doctissimus</strong></span> <span class='ocrx_word' id='word_1_443' title='bbox 388 4264 547 4319; x_wconf 89' lang='lat' dir='ltr'><strong>hominibus</strong></span> <span class='ocrx_word' id='word_1_444' title='bbox 567 4263 729 4317; x_wconf 89' lang='lat' dir='ltr'><strong>auctoribus</strong></span> <span class='ocrx_word' id='word_1_445' title='bbox 747 4281 836 4334; x_wconf 82' lang='lat' dir='ltr'><strong>genus</strong></span> <span class='ocrx_word' id='word_1_446' title='bbox 856 4264 908 4317; x_wconf 93' lang='lat' dir='ltr'><strong>hoc</strong></span> <span class='ocrx_word' id='word_1_447' title='bbox 927 4265 1017 4316; x_wconf 92' lang='lat' dir='ltr'><strong>totum</strong></span> <span class='ocrx_word' id='word_1_448' title='bbox 1037 4264 1171 4318; x_wconf 86' lang='lat' dir='ltr'><strong>orationis</strong></span> <span class='ocrx_word' id='word_1_449' title='bbox 1190 4263 1311 4330; x_wconf 89' lang='lat' dir='ltr'><strong>tollere&#39;,</strong></span> <span class='ocrx_word' id='word_1_450' title='bbox 1331 4265 1392 4318; x_wconf 83' lang='lat' dir='ltr'><strong>Lie.</strong></span> <span class='ocrx_word' id='word_1_451' title='bbox 1404 4264 1475 4331; x_wconf 84' lang='lat' dir='ltr'><strong>XXI,</strong></span> 
     </span>
     <span class='ocr_line' id='line_1_41' title="bbox 193 4334 1475 4404; baseline 0.001 -17"><span class='ocrx_word' id='word_1_452' title='bbox 193 4340 240 4401; x_wconf 84' lang='lat'><strong>38,</strong></span> <span class='ocrx_word' id='word_1_453' title='bbox 254 4341 283 4389; x_wconf 82' lang='lat'><strong>3:</strong></span> <span class='ocrx_word' id='word_1_454' title='bbox 315 4335 355 4388; x_wconf 88' lang='lat' dir='ltr'><strong>‘L.</strong></span> <span class='ocrx_word' id='word_1_455' title='bbox 376 4334 487 4390; x_wconf 88' lang='lat' dir='ltr'><strong>Cincius</strong></span> <span class='ocrx_word' id='word_1_456' title='bbox 511 4335 669 4389; x_wconf 88' lang='lat' dir='ltr'><strong>Alimentus</strong></span> <span class='ocrx_word' id='word_1_457' title='bbox 692 4335 813 4388; x_wconf 82' lang='lat' dir='ltr'><strong>maxime</strong></span> <span class='ocrx_word' id='word_1_458' title='bbox 838 4338 934 4389; x_wconf 90' lang='lat' dir='ltr'><strong>auctor</strong></span> <span class='ocrx_word' id='word_1_459' title='bbox 957 4337 1091 4389; x_wconf 85' lang='lat' dir='ltr'><strong>moveret&#39;</strong></span> <span class='ocrx_word' id='word_1_460' title='bbox 1117 4343 1142 4390; x_wconf 83' lang='lat' dir='ltr'><strong>et</strong></span> <span class='ocrx_word' id='word_1_461' title='bbox 1159 4355 1183 4390; x_wconf 85' lang='lat' dir='ltr'><strong>c.</strong></span> <span class='ocrx_word' id='word_1_462' title='bbox 1203 4354 1268 4389; x_wconf 83' lang='lat' dir='ltr'><strong>arm.</strong></span> <span class='ocrx_word' id='word_1_463' title='bbox 1289 4336 1385 4404; x_wconf 81' lang='lat' dir='ltr'><strong>philol.</strong></span> <span class='ocrx_word' id='word_1_464' title='bbox 1407 4341 1475 4388; x_wconf 87' lang='grc'>1884</span> 
     </span>
     <span class='ocr_line' id='line_1_42' title="bbox 189 4406 1457 4476; baseline 0.001 -18"><span class='ocrx_word' id='word_1_465' title='bbox 189 4426 222 4476; x_wconf 82' lang='lat' dir='ltr'><strong>p.</strong></span> <span class='ocrx_word' id='word_1_466' title='bbox 241 4412 290 4459; x_wconf 88' lang='grc'>108</span> <span class='ocrx_word' id='word_1_467' title='bbox 308 4409 370 4475; x_wconf 73' lang='lat' dir='ltr'><strong>aql</strong></span> <span class='ocrx_word' id='word_1_468' title='bbox 390 4412 430 4460; x_wconf 84' lang='grc'><strong>19.</strong></span> <span class='ocrx_word' id='word_1_469' title='bbox 446 4412 489 4461; x_wconf 78' lang='grc'><strong>20.</strong></span> <span class='ocrx_word' id='word_1_470' title='bbox 509 4406 675 4460; x_wconf 89' lang='lat' dir='ltr'><strong>contendere</strong></span> <span class='ocrx_word' id='word_1_471' title='bbox 695 4407 765 4472; x_wconf 87' lang='lat' dir='ltr'><strong>MR,</strong></span> <span class='ocrx_word' id='word_1_472' title='bbox 785 4406 903 4460; x_wconf 90' lang='lat' dir='ltr'><strong>condere</strong></span> <span class='ocrx_word' id='word_1_473' title='bbox 923 4407 949 4461; x_wconf 85' lang='lat' dir='ltr'><em>G</em></span> <span class='ocrx_word' id='word_1_474' title='bbox 967 4411 976 4473; x_wconf 90' lang='grc' dir='ltr'><strong>ΙΙ</strong></span> <span class='ocrx_word' id='word_1_475' title='bbox 995 4412 1036 4461; x_wconf 81' lang='grc'><strong>20.</strong></span> <span class='ocrx_word' id='word_1_476' title='bbox 1056 4408 1192 4473; x_wconf 90' lang='lat' dir='ltr'><strong>quantum</strong></span> <span class='ocrx_word' id='word_1_477' title='bbox 1211 4425 1244 4460; x_wconf 76' lang='lat' dir='ltr'><strong>er</strong></span> <span class='ocrx_word' id='word_1_478' title='bbox 1263 4409 1392 4460; x_wconf 92' lang='lat' dir='ltr'><strong>tuantnm</strong></span> <span class='ocrx_word' id='word_1_479' title='bbox 1412 4406 1457 4460; x_wconf 90' lang='lat' dir='ltr'><strong>M¹</strong></span> 
     </span>
     <span class='ocr_line' id='line_1_43' title="bbox 193 4475 1474 4547; baseline 0.002 -17"><span class='ocrx_word' id='word_1_480' title='bbox 193 4475 306 4530; x_wconf 90' lang='lat' dir='ltr'><strong>ciuibus</strong></span> <span class='ocrx_word' id='word_1_481' title='bbox 320 4495 354 4530; x_wconf 78' lang='lat' dir='ltr'><strong>ea</strong></span> <span class='ocrx_word' id='word_1_482' title='bbox 369 4479 426 4530; x_wconf 83' lang='lat' dir='ltr'><strong>-tna</strong></span> <span class='ocrx_word' id='word_1_483' title='bbox 433 4479 469 4531; x_wconf 93' lang='lat' dir='ltr'><strong>M</strong></span> <span class='ocrx_word' id='word_1_484' title='bbox 471 4477 478 4510; x_wconf 82' lang='lat'>¹</span> <span class='ocrx_word' id='word_1_485' title='bbox 493 4481 503 4546; x_wconf 79' lang='lat' dir='ltr'><strong>{l</strong></span> <span class='ocrx_word' id='word_1_486' title='bbox 517 4483 699 4546; x_wconf 76' lang='lat' dir='ltr'><strong>20.21.neque</strong></span> <span class='ocrx_word' id='word_1_487' title='bbox 714 4493 804 4544; x_wconf 90' lang='lat' dir='ltr'><strong>neque</strong></span> <span class='ocrx_word' id='word_1_488' title='bbox 817 4493 876 4546; x_wconf 87' lang='lat' dir='ltr'><strong>par.</strong></span> <span class='ocrx_word' id='word_1_489' title='bbox 888 4478 925 4530; x_wconf 90' lang='lat' dir='ltr'><strong>M</strong></span> <span class='ocrx_word' id='word_1_490' title='bbox 935 4479 944 4544; x_wconf 86' lang='grc' dir='ltr'><strong>Ι)</strong></span> <span class='ocrx_word' id='word_1_491' title='bbox 958 4482 999 4531; x_wconf 81' lang='lat'><strong>22.</strong></span> <span class='ocrx_word' id='word_1_492' title='bbox 1012 4477 1194 4547; x_wconf 86' lang='lat' dir='ltr'><strong>attingendae</strong></span> <span class='ocrx_word' id='word_1_493' title='bbox 1206 4478 1269 4544; x_wconf 82' lang='lat' dir='ltr'><strong>GR,</strong></span> <span class='ocrx_word' id='word_1_494' title='bbox 1285 4477 1326 4530; x_wconf 89' lang='lat' dir='ltr'><strong>ait</strong></span> <span class='ocrx_word' id='word_1_495' title='bbox 1340 4476 1474 4547; x_wconf 83' lang='lat' dir='ltr'><strong>tingende</strong></span> 
     </span>
     <span class='ocr_line' id='line_1_44' title="bbox 192 4547 1476 4618; baseline 0.002 -17"><span class='ocrx_word' id='word_1_496' title='bbox 192 4548 233 4601; x_wconf 79' lang='lat'><strong>11</strong></span> <span class='ocrx_word' id='word_1_497' title='bbox 243 4550 253 4616; x_wconf 81' lang='grc' dir='ltr'><strong>Ι)</strong></span> <span class='ocrx_word' id='word_1_498' title='bbox 266 4553 309 4603; x_wconf 76' lang='lat'><strong>23.</strong></span> <span class='ocrx_word' id='word_1_499' title='bbox 324 4564 443 4617; x_wconf 89' lang='lat' dir='ltr'><strong>cumque</strong></span> <span class='ocrx_word' id='word_1_500' title='bbox 455 4581 486 4588; x_wconf 91' lang='lat'><strong>—</strong></span> <span class='ocrx_word' id='word_1_501' title='bbox 497 4554 539 4603; x_wconf 79' lang='grc'><strong>24.</strong></span> <span class='ocrx_word' id='word_1_502' title='bbox 559 4547 678 4602; x_wconf 82' lang='lat' dir='ltr'><strong>vidisset</strong></span> <span class='ocrx_word' id='word_1_503' title='bbox 696 4568 714 4602; x_wconf 87' lang='lat' dir='ltr'><strong>a</strong></span> <span class='ocrx_word' id='word_1_504' title='bbox 732 4550 824 4603; x_wconf 83' lang='lat' dir='ltr'><strong>maltis</strong></span> <span class='ocrx_word' id='word_1_505' title='bbox 842 4555 996 4618; x_wconf 63' lang='lat' dir='ltr'><strong>saepedum</strong></span> <span class='ocrx_word' id='word_1_506' title='bbox 1013 4550 1054 4603; x_wconf 85' lang='lat' dir='ltr'><strong>ccl</strong></span> <span class='ocrx_word' id='word_1_507' title='bbox 1073 4555 1211 4618; x_wconf 77' lang='lat' dir='ltr'><strong>temptata,</strong></span> <span class='ocrx_word' id='word_1_508' title='bbox 1229 4550 1344 4603; x_wconf 78' lang='lat' dir='ltr'><strong>iniuria.</strong></span> <span class='ocrx_word' id='word_1_509' title='bbox 1365 4550 1476 4603; x_wconf 80' lang='lat' dir='ltr'><strong>adludit</strong></span> 
     </span>
     <span class='ocr_line' id='line_1_45' title="bbox 194 4619 1475 4689; baseline 0.001 -16"><span class='ocrx_word' id='word_1_510' title='bbox 194 4619 290 4674; x_wconf 72' lang='lat' dir='ltr'><strong>c&#39;icero</strong></span> <span class='ocrx_word' id='word_1_511' title='bbox 312 4621 350 4674; x_wconf 88' lang='lat' dir='ltr'><strong>ad</strong></span> <span class='ocrx_word' id='word_1_512' title='bbox 367 4621 501 4674; x_wconf 79' lang='lat' dir='ltr'><strong>Platonis</strong></span> <span class='ocrx_word' id='word_1_513' title='bbox 522 4622 653 4689; x_wconf 81' lang='lat' dir='ltr'><strong>epistulas</strong></span> <span class='ocrx_word' id='word_1_514' title='bbox 675 4622 799 4688; x_wconf 81' lang='lat' dir='ltr'><strong>qur&#39;atam</strong></span> <span class='ocrx_word' id='word_1_515' title='bbox 822 4627 847 4674; x_wconf 85' lang='lat' dir='ltr'><strong>et</strong></span> <span class='ocrx_word' id='word_1_516' title='bbox 869 4622 1023 4687; x_wconf 82' lang='lat' dir='ltr'><strong>septirrram,</strong></span> <span class='ocrx_word' id='word_1_517' title='bbox 1046 4638 1114 4687; x_wconf 83' lang='lat' dir='ltr'><strong>qaae</strong></span> <span class='ocrx_word' id='word_1_518' title='bbox 1136 4621 1259 4688; x_wconf 80' lang='lat' dir='ltr'><strong>qaamcis</strong></span> <span class='ocrx_word' id='word_1_519' title='bbox 1280 4622 1475 4688; x_wconf 78' lang='lat' dir='ltr'><strong>arrppositiciae</strong></span> 
     </span>
     <span class='ocr_line' id='line_1_46' title="bbox 192 4691 1476 4760; baseline -0.001 -15"><span class='ocrx_word' id='word_1_520' title='bbox 192 4697 282 4745; x_wconf 69' lang='lat' dir='ltr'><strong>eamr</strong></span> <span class='ocrx_word' id='word_1_521' title='bbox 308 4692 342 4759; x_wconf 80' lang='lat' dir='ltr'><strong>(c.</strong></span> <span class='ocrx_word' id='word_1_522' title='bbox 362 4691 452 4745; x_wconf 86' lang='lat' dir='ltr'><strong>Zellcr</strong></span> <span class='ocrx_word' id='word_1_523' title='bbox 471 4691 584 4746; x_wconf 77' lang='lat' dir='ltr'><strong>‘Archia</strong></span> <span class='ocrx_word' id='word_1_524' title='bbox 602 4692 623 4757; x_wconf 76' lang='lat' dir='ltr'><strong>f.</strong></span> <span class='ocrx_word' id='word_1_525' title='bbox 644 4692 737 4745; x_wconf 85' lang='lat' dir='ltr'><strong>Gescb.</strong></span> <span class='ocrx_word' id='word_1_526' title='bbox 757 4693 782 4745; x_wconf 83' lang='lat' dir='ltr'><strong>d.</strong></span> <span class='ocrx_word' id='word_1_527' title='bbox 803 4691 990 4760; x_wconf 77' lang='lat' dir='ltr'><strong>Philosopbie’</strong></span> <span class='ocrx_word' id='word_1_528' title='bbox 1012 4691 1031 4744; x_wconf 92' lang='lat' dir='ltr'><strong>I.</strong></span> <span class='ocrx_word' id='word_1_529' title='bbox 1054 4696 1121 4743; x_wconf 84' lang='lat'>1888</span> <span class='ocrx_word' id='word_1_530' title='bbox 1137 4708 1166 4757; x_wconf 84' lang='lat' dir='ltr'><strong>p.</strong></span> <span class='ocrx_word' id='word_1_531' title='bbox 1183 4695 1233 4742; x_wconf 79' lang='grc'><strong>614</strong></span> <span class='ocrx_word' id='word_1_532' title='bbox 1248 4692 1308 4759; x_wconf 75' lang='lat' dir='ltr'><strong>sq),</strong></span> <span class='ocrx_word' id='word_1_533' title='bbox 1338 4699 1476 4760; x_wconf 80' lang='lat' dir='ltr'><strong>tamquam</strong></span> 
     </span>
     <span class='ocr_line' id='line_1_47' title="bbox 191 4763 1473 4832; baseline 0.003 -19"><span class='ocrx_word' id='word_1_534' title='bbox 191 4763 331 4832; x_wconf 77' lang='lat' dir='ltr'><strong>penairuse</strong></span> <span class='ocrx_word' id='word_1_535' title='bbox 358 4763 463 4817; x_wconf 77' lang='lat' dir='ltr'><strong>(ladam</strong></span> <span class='ocrx_word' id='word_1_536' title='bbox 491 4768 548 4816; x_wconf 83' lang='lat' dir='ltr'><strong>tam</strong></span> <span class='ocrx_word' id='word_1_537' title='bbox 575 4763 842 4828; x_wconf 78' lang='lat' dir='ltr'><strong>circumferebantur.</strong></span> <span class='ocrx_word' id='word_1_538' title='bbox 870 4763 984 4830; x_wconf 80' lang='lat' dir='ltr'><strong>septima</strong></span> <span class='ocrx_word' id='word_1_539' title='bbox 1007 4768 1096 4815; x_wconf 80' lang='lat' dir='ltr'><strong>autem</strong></span> <span class='ocrx_word' id='word_1_540' title='bbox 1120 4763 1150 4815; x_wconf 83' lang='lat' dir='ltr'><strong>ia</strong></span> <span class='ocrx_word' id='word_1_541' title='bbox 1173 4763 1291 4830; x_wconf 79' lang='lat' dir='ltr'><strong>epistula</strong></span> <span class='ocrx_word' id='word_1_542' title='bbox 1317 4765 1402 4831; x_wconf 82' lang='lat' dir='ltr'><strong>(epist.</strong></span> <span class='ocrx_word' id='word_1_543' title='bbox 1424 4763 1473 4817; x_wconf 84' lang='lat' dir='ltr'><strong>Gr.</strong></span> 
     </span>
     <span class='ocr_line' id='line_1_48' title="bbox 189 4833 1475 4903; baseline 0.002 -18"><span class='ocrx_word' id='word_1_544' title='bbox 189 4851 220 4902; x_wconf 81' lang='lat' dir='ltr'><strong>p.</strong></span> <span class='ocrx_word' id='word_1_545' title='bbox 232 4838 284 4886; x_wconf 76' lang='lat'><strong>603</strong></span> <span class='ocrx_word' id='word_1_546' title='bbox 294 4850 333 4903; x_wconf 83' lang='lat' dir='ltr'><strong>sq.</strong></span> <span class='ocrx_word' id='word_1_547' title='bbox 344 4833 408 4903; x_wconf 85' lang='lat' dir='ltr'><strong>Hr.)</strong></span> <span class='ocrx_word' id='word_1_548' title='bbox 424 4841 589 4903; x_wconf 77' lang='lat' dir='ltr'><strong>personatus</strong></span> <span class='ocrx_word' id='word_1_549' title='bbox 602 4834 689 4888; x_wconf 87' lang='lat' dir='ltr'><strong>Plato</strong></span> <span class='ocrx_word' id='word_1_550' title='bbox 703 4840 801 4888; x_wconf 82' lang='lat' dir='ltr'><strong>aarrat</strong></span> <span class='ocrx_word' id='word_1_551' title='bbox 819 4849 846 4887; x_wconf 82' lang='lat' dir='ltr'><strong>se</strong></span> <span class='ocrx_word' id='word_1_552' title='bbox 863 4835 985 4888; x_wconf 76' lang='lat' dir='ltr'><strong>iuuenem</strong></span> <span class='ocrx_word' id='word_1_553' title='bbox 999 4834 1040 4886; x_wconf 82' lang='lat' dir='ltr'><strong>bis</strong></span> <span class='ocrx_word' id='word_1_554' title='bbox 1053 4834 1093 4888; x_wconf 87' lang='lat' dir='ltr'><strong>rei</strong></span> <span class='ocrx_word' id='word_1_555' title='bbox 1107 4834 1237 4903; x_wconf 73' lang='lat' dir='ltr'><strong>publicae</strong></span> <span class='ocrx_word' id='word_1_556' title='bbox 1250 4850 1357 4902; x_wconf 81' lang='lat' dir='ltr'><strong>operam</strong></span> <span class='ocrx_word' id='word_1_557' title='bbox 1371 4850 1475 4890; x_wconf 79' lang='lat' dir='ltr'><strong>uacare</strong></span> 
     </span>
    </p>
   </div>
   <div class='ocr_carea' id='block_1_5' title="bbox 0 0 1648 5460">
    <p class='ocr_par' dir='ltr' id='par_1_5' title="bbox 0 0 1648 5460">
     <span class='ocr_line' id='line_1_49' title="bbox 0 0 1648 5460; baseline 0 2"><span class='ocrx_word' id='word_1_558' title='bbox 0 0 1648 5460; x_wconf 95' lang='lat' dir='ltr'><strong> </strong></span> 
     </span>
    </p>
   </div>
  </div>
 </body>
</html>
