3286 5460
257 358 319 421 142
680 405 685 419 .
704 355 741 413 M.
761 357 867 413 TVLLI
886 355 1076 414 CICERONIS

254 524 331 609 ceri,
365 522 394 590 si
421 523 497 608 quid
526 527 612 589 esset
640 523 811 608 eiusmodi,
844 524 932 609 quod
960 547 1073 591 eorum
1100 523 1227 590 animos
1253 547 1321 592 non
1348 524 1538 611 offenderet,

253 637 311 696 aut
343 632 442 697 etiam
474 653 593 718 negare
621 634 655 695 et
682 631 807 696 adferre
840 632 1016 717 rationem,
1048 654 1105 697 cur
1133 635 1306 718 negarent,
1338 632 1416 699 huic
1446 655 1537 699 meae

253 740 417 825 rogationi
444 739 555 824 potius
582 761 649 804 non
676 738 831 804 continuo
860 739 1108 823 responderim,
1139 740 1253 805 eodem
1279 739 1331 804 die
1358 744 1473 806 tamen
1495 741 1536 805 ad

252 869 303 911 me
322 849 537 931 reverterunt,
560 843 641 911 mihi
658 845 721 910 hoc
740 846 905 930 dederunt,
927 851 965 910 ut
988 868 1076 911 esses
1095 847 1130 911 in
1150 844 1270 932 Sicilia,
1293 847 1400 930 quoad
1418 846 1533 930 velles,

251 976 286 1018 se
317 957 544 1037 praestaturos
575 953 659 1018 nihil
691 975 731 1018 ex
762 975 800 1017 eo
833 958 866 1018 te
899 953 1087 1017 offensionis
1118 953 1317 1019 habiturum.
1368 955 1569 1038 quoniame

250 1061 327 1144 quid
357 1061 418 1125 tibi
447 1061 671 1146 permittatur,
703 1060 867 1145 cognosti,
896 1060 972 1145 quid
1001 1060 1082 1125 mihi
1110 1060 1251 1145 placeat,
1277 1064 1359 1145 puto
1388 1055 1422 1125 te
1451 1062 1531 1127 scire

215 1186 230 1230 a
251 1173 409 1253 oportere.
455 1169 538 1234 actis
564 1168 617 1233 bis
645 1168 741 1232 rebus
765 1166 894 1232 litterae
918 1189 938 1230 a
960 1172 993 1232 te
1016 1167 1098 1231 mihi
1125 1167 1272 1232 redditae
1294 1171 1385 1252 sunt,
1413 1168 1529 1253 quibus

250 1298 344 1341 ame
368 1275 540 1341 consilium
568 1275 668 1360 petis,
696 1275 773 1359 quid
796 1275 864 1339 'sim
892 1274 955 1339 tibi
983 1279 1110 1357 auctor,
1140 1274 1176 1339 in
1199 1272 1353 1340 Siciliane
1380 1274 1529 1340 subsidas

250 1406 290 1447 au
318 1387 355 1447 ut
382 1383 422 1449 ad
453 1382 606 1467 reliquias
635 1381 799 1446 Asiaticae
832 1381 1068 1468 negotiationis
1100 1381 1315 1466 proficiscare.
1360 1380 1443 1448 haec
1474 1386 1528 1446 tua

248 1490 441 1554 deliberatio
469 1512 535 1554 non
563 1490 644 1554 mihi
674 1488 845 1554 convenire
874 1489 945 1553 visa
972 1491 1023 1553 est
1050 1510 1124 1553 cum
1153 1488 1300 1553 oratione
1327 1486 1445 1575 Largi,
1475 1489 1526 1553 ille
1539 1509 1560 1547 u

248 1596 335 1661 enim
364 1618 503 1679 mecum,
534 1597 627 1680 quasi
654 1595 716 1660 tibi
743 1617 810 1661 non
835 1595 951 1661 liceret
978 1597 1013 1659 in
1036 1593 1148 1661 Sicilia
1175 1595 1298 1661 diutius
1326 1596 1526 1679 commorari,

248 1704 294 1767 ita
316 1703 446 1768 locutus
469 1708 549 1787 erat,
572 1707 609 1767 tu
633 1706 752 1787 autem,
776 1703 869 1788 quasi
893 1724 1082 1768 concessum
1105 1703 1164 1788 sit,
1185 1703 1233 1767 ita
1257 1702 1428 1768 deliberas.
1474 1702 1523 1767 sed

248 1831 323 1896 ego,
347 1811 414 1874 sive
437 1810 501 1875 boc
524 1810 592 1874 sive
615 1809 696 1875 illud
720 1815 786 1895 est,
815 1811 848 1875 in
873 1808 986 1876 Sicilia
1009 1832 1123 1876 censeo
1148 1809 1428 1876 commorandum:
1455 1830 1524 1903 pro

246 1917 414 2002 pinquitas
447 1918 593 1982 locorum
621 1916 673 1982 vel
701 1918 742 1981 ad
774 1917 1015 2001 impetrandum
1048 1918 1160 1983 adiuat
1191 1917 1315 1984 crebris
1343 1915 1467 1983 litteris
1494 1921 1525 1981 et

245 2026 371 2089 nuntiis
398 2025 450 2090 vel
478 2025 518 2089 ad
546 2025 670 2090 reditus
703 2024 902 2090 celeritatem
932 2047 966 2090 re
996 2029 1055 2090 aut
1085 2025 1275 2109 impetrata,
1307 2024 1395 2110 qnod
1424 2043 1558 2108 sperari

247 2138 304 2197 aut
327 2132 437 2217 aliqua
460 2131 586 2197 ratione
609 2131 769 2217 confecta,
799 2133 1010 2218 quamobrem
1039 2154 1154 2197 censeo
1178 2153 1299 2219 magno
1323 2153 1423 2217 opere
1445 2154 1525 2197 com·

210 2240 448 2304 amorandum.
493 2238 528 2302 Τ.
552 2237 708 2303 Furfanio
732 2237 905 2325 Postumo,
935 2238 1090 2303 familiari
1118 2261 1204 2323 meo,
1235 2237 1422 2324 legatisque
1450 2239 1525 2323 eins,

245 2348 324 2410 item
353 2347 433 2411 meis
462 2345 693 2431 familiaribus,
723 2345 972 2432 diligentissime
997 2351 1029 2411 te
1058 2345 1306 2430 commendabo,
1334 2368 1409 2411 curn
1437 2369 1525 2412 vene

245 2454 325 2539 rint3
353 2459 447 2519 erant
470 2454 556 2519 enim
584 2476 696 2519 omues
719 2452 878 2519 Mutinae:
907 2454 969 2519 riri
997 2458 1074 2518 sunt
1097 2453 1215 2537 optimi
1239 2458 1273 2517 et
1296 2453 1345 2517 tui
1370 2453 1525 2519 similium

245 2561 382 2626 studiosi
408 2565 441 2625 et
464 2559 529 2625 mei
551 2561 735 2625 necessarii.
781 2560 967 2645 quaemihi
991 2560 1121 2625 venient
1144 2559 1177 2624 in
1201 2563 1358 2643 mentem,
1381 2583 1464 2647 quae
1486 2562 1559 2626 adu

245 2673 277 2731 te
300 2667 462 2751 pertinere
483 2667 676 2751 arbitrabor,
699 2690 738 2732 ea
760 2665 967 2752 mea'sponte
985 2667 1117 2733 faciam:
1141 2667 1169 2732 si
1193 2667 1272 2751 quid
1294 2667 1467 2754 ignorabo,
1487 2668 1524 2733 da

244 2797 282 2838 eo
311 2775 498 2839 admonitus
527 2775 672 2839 omnium
700 2775 809 2839 studia
836 2775 971 2840 vincam.
1018 2797 1079 2861 ego
1108 2775 1171 2840 etsi
1199 2796 1309 2840 coram
1332 2775 1371 2840 de
1395 2780 1430 2841 te
1453 2797 1523 2841 cum

245 2880 400 2944 Furfanio
428 2883 476 2946 ita
504 2883 631 2965 loquar,
661 2888 698 2945 ut
727 2882 788 2946 tibi
816 2883 937 2947 litteris
966 2883 1046 2947 meis
1075 2882 1116 2946 ad
1144 2904 1218 2947 eum
1247 2881 1330 2947 nihil
1362 2904 1445 2968 opus
1472 2882 1522 2965 sit,

245 2992 370 3070 tamen,
408 2989 561 3071 quoniam
594 2989 660 3051 tuis
697 2990 821 3072 placuit
854 2995 887 3054 te
919 2990 1039 3055 habere
1072 3011 1161 3055 meas
1198 2989 1344 3072 litteras,
1381 3011 1463 3075 quaa
1492 2988 1521 3053 ci

244 3095 403 3180 redderes,
425 3118 549 3160 morem
573 3097 619 3158 eis
643 3097 742 3180 gessi:
766 3119 877 3162 aarum
901 3097 1085 3163 litterarum
1108 3097 1293 3180 exemplum
1315 3096 1404 3161 infra
1426 3096 1517 3181 scrip
1527 3113 1613 3181 &Q

244 3205 396 3265 tumeat.

784 3383 841 3447 rx.
876 3380 980 3470 (244.)

511 3560 555 3625 u.
578 3560 736 3626 oroaao
761 3559 990 3625 uvuururo
1016 3548 1195 3626 Paocosss
1219 3558 1251 3625 a.

208 3738 221 3785 1
332 3722 414 3788 Cum
437 3725 474 3787 Α.
494 3722 633 3787 Caecina
656 3726 748 3786 tanta
772 3721 852 3785 mihi
875 3720 1082 3785 familiaritas
1106 3722 1372 3807 consuetudoque
1395 3740 1617 3808 semer

241 3830 318 3912 fuit,
346 3835 383 3894 ut
405 3831 495 3895 nulla
518 3830 622 3894 maior
645 3851 714 3893 esse
737 3829 856 3912 possit3
883 3851 960 3892 nam
983 3832 1017 3893 et
1040 3833 1133 3913 patre
1161 3829 1244 3914 eius,
1273 3829 1362 3895 claro
1390 3830 1621 3898 hom‘uze

331 4029 353 4076 1.
374 4040 470 4076 eorum
489 4023 609 4094 animos]
630 4022 715 4076 etiarn
733 4038 836 4091 negare
855 4022 883 4075 R
906 4023 916 4090 ΙΙ
939 4028 962 4075 3.
982 4020 1124 4090 rogationi
1143 4021 1185 4090 M,
1203 4021 1309 4076 rationi
1329 4023 1393 4080 GR.
1413 4036 1541 4095 capp·
1553 4018 1628 4070 Ἰθ-

240 4101 330 4169 arcura
349 4126 382 4133 —
402 4112 459 4164 rog.
485 4093 551 4165 <vel
574 4092 767 4175 flagitationi>
794 4095 851 4162 pot.
880 4096 940 4147 aaut.
963 4126 992 4174 .‘
1013 4101 1081 4175 recta
1107 4095 1293 4162 repudiarunt
1317 4095 1473 4152 Manutius
1610 4092 1630 4138 ‘l

241 4167 374 4221 Slrciclrcr
396 4169 405 4235 ΙΙ
428 4173 452 4219 4.
477 4170 509 4218 ut
532 4183 606 4218 esses
629 4184 658 4218 ru
678 4165 788 4235 Srcrha]
813 4167 845 4216 ut
868 4181 929 4217 esse
952 4164 1057 4234 smguh
1076 4182 1094 4218 a
1112 4164 1158 4232 M,
1180 4167 1209 4218 ta
1233 4181 1294 4219 csse
1318 4163 1349 4219 in
1372 4166 1470 4222 sicilia
1595 4153 1625 4205 Β

241 4281 316 4334 etin
335 4280 448 4351 singula
468 4283 493 4336 G
515 4286 524 4350 Η
548 4282 641 4350 quoad
659 4249 758 4349 uellet,
783 4299 850 4336 corr.
870 4299 904 4335 ur.
925 4286 949 4348 1,
969 4282 1008 4348 G,
1032 4298 1087 4349 quo
1111 4279 1237 4334 aduellea
1256 4281 1319 4336 MR
1342 4284 1352 4351 ΙΙ
1375 4287 1401 4337 6.
1422 4300 1456 4338 co
1611 4279 1633 4315 ‘l

240 4352 307 4405 uisti
324 4353 378 4407 GR
398 4357 408 4422 ΙΙ
428 4354 541 4423 placeat
559 4355 650 4408 ‹aaG
674 4356 683 4422 ll
707 4359 730 4407 7.
750 4352 820 4406 mibi
837 4371 887 4407 ona
902 4352 930 4406 R
953 4354 962 4421 ΙΙ
985 4358 1010 4405 8.
1030 4369 1121 4422 ceap.
1135 4352 1176 4406 ΕΙ
1191 4354 1200 4421 ΙΙ
1214 4351 1269 4406 tibi
1287 4352 1342 4406 sim
1357 4355 1383 4409 G
1411 4357 1423 4425 l
1449 4282 1632 4427 fg)

240 4424 370 4476 subsidas
391 4427 549 4495 lt'cscuberp
571 4428 580 4493 ΙΙ
604 4424 751 4478 aubsideas
772 4425 826 4479 GR
849 4426 858 4493 11
883 4429 923 4477 12.
948 4423 998 4493 sit]
1023 4423 1077 4477 tibi
1101 4422 1137 4477 sit
1158 4424 1184 4477 G
1207 4426 1216 4493 ΙΙ
1241 4430 1281 4477 13.
1302 4418 1630 4481 commemora*

240 4495 307 4546 dum
327 4497 360 4548 M
381 4500 390 4564 ΙΙ
417 4503 454 4550 14.
476 4496 595 4549 adiuuat
614 4498 675 4551 GR.
701 4495 851 4549 adiuvabit
869 4497 920 4549 ulii
942 4499 951 4563 ll
975 4501 1015 4548 15.
1035 4495 1076 4548 rei
1095 4498 1145 4548 aut
1163 4495 1344 4564 impetranda
1363 4496 1391 4552 G
1414 4499 1426 4567 l
1448 4469 1627 4567 (ια-σᾶ

241 4567 308 4632 GR,
338 4571 388 4620 aut
413 4568 488 4635 quod
507 4569 544 4621 M
562 4571 572 4636 ΙΙ
596 4573 636 4621 16.
661 4583 831 4638 magnopere
856 4566 910 4622 GR
933 4569 942 4634 Η
966 4571 1007 4620 17.
1027 4575 1052 4620 ct
1070 4573 1112 4619 ⁴23.
1137 4566 1282 4638 Furfanio]
1310 4566 1428 4623 furfano
1450 4540 1622 4623 &lsi

239 4636 352 4691 fursuuo
374 4640 406 4692 G.
433 4641 467 4706 cs.
488 4640 575 4693 Klein
595 4638 915 4709 ‘Verructtuuysbemute'
939 4638 948 4689 l
964 4657 994 4706 p.
1010 4642 1066 4707 7711
1082 4643 1122 4691 18.
1143 4637 1307 4706 dignissime
1327 4638 1355 4693 G
1373 4641 1383 4708 l
1402 4645 1448 4695 25.
1467 4644 1542 4686 6
1563 4610 1619 4690 39]

239 4707 283 4759 bis
302 4712 336 4776 a,
356 4709 391 4761 iis
411 4715 450 4779 ςΙΙ
464 4718 506 4764 ⁶38.
526 4711 562 4764 M.
583 4729 632 4765 om.
654 4714 680 4766 G
693 4715 702 4780 ΙΙ
716 4708 862 4779 Furfanio]
881 4709 993 4762 furfano
1013 4710 1083 4776 MR,
1103 4709 1217 4763 t'ursano
1237 4710 1272 4779 G,
1290 4708 1367 4782 <Τ.>
1384 4696 1612 4765 ffloffif

240 4825 340 4879 Butler·
358 4828 366 4892 ΙΙ
386 4832 427 4879 30.
447 4828 526 4893 patre
545 4827 587 4894 M,
605 4796 656 4895 pal
676 4828 710 4896 G,
730 4825 857 4895 peterit
