3286 5460
609 376 865 432 EPISTVLARVM
884 379 929 433 lV.
950 385 974 434 5.
994 385 1018 434 6.
1039 386 1062 434 7.
1428 381 1472 447 85

193 540 318 605 luctum
342 541 487 625 ipsorum
511 541 653 626 dignitas
678 541 901 607 consolaretur
923 563 977 628 ca,
1000 566 1098 626 quam
1122 567 1160 608 ex
1183 567 1218 610 re
1241 545 1373 629 publica
1397 567 1470 610 con-

192 647 424 734 sequebantur,
447 648 530 713 mihi
552 653 662 713 autem
686 648 816 714 amissis
840 649 1040 714 ornamentis
1064 650 1120 735 eis,
1144 673 1225 735 quae
1245 652 1314 736 ipse
1334 674 1470 716 comme·
1489 669 1505 717 2

193 774 303 818 moras
331 776 477 840 quaeque
510 777 598 820 eram
627 755 777 820 maximis
809 755 976 819 laboribus
1009 757 1160 841 adeptus,
1191 781 1291 823 unum
1318 760 1472 824 manebat

192 860 275 925 illud
299 861 471 946 solacium,
495 863 581 945 quod
604 866 752 946 ereptum
776 865 842 927 est:
865 884 931 927 non
954 863 1133 928 amicorum
1155 865 1311 949 negotiis,
1334 888 1400 930 nou
1423 866 1469 931 rei

164 967 343 1051 spnblicae
374 969 604 1053 procuratione
636 968 898 1052 impediebantur
930 971 1146 1055 cogitationes
1180 992 1284 1054 meae,
1321 971 1402 1034 nibil
1436 973 1470 1036 in

191 1072 264 1138 foro
288 1094 384 1159 agere
406 1074 545 1158 libebat,
572 1075 716 1159 aspicere
740 1075 862 1140 curiam
886 1098 952 1141 non
975 1081 1139 1162 poteram,
1168 1078 1409 1164 existimabam,
1437 1078 1469 1143 id

191 1181 386 1265 quoderat,
417 1182 523 1247 omnis
551 1205 602 1247 me
626 1187 660 1247 et
682 1182 862 1247 industriae
890 1206 980 1248 meac
1008 1184 1132 1248 fructus
1161 1188 1195 1248 et
1223 1184 1372 1249 fortunae
1399 1208 1469 1269 per-

190 1286 326 1373 didisse,
356 1288 425 1372 sed,
453 1311 528 1354 eum
555 1289 735 1375 cogitarem
763 1290 843 1355 baec
870 1288 952 1355 mihi
979 1295 1089 1356 tecum
1117 1295 1150 1355 et
1178 1314 1250 1357 cum
1275 1292 1467 1376 quibusdam

190 1414 262 1459 esse
291 1396 488 1474 communia,
516 1402 549 1461 et
578 1419 651 1461 cum
679 1395 863 1483 frangerem
892 1397 957 1461 iam
985 1398 1055 1481 ipse
1085 1420 1137 1462 me
1168 1419 1381 1483 cogeremque
1412 1398 1469 1462 illa

153 1526 175 1564 u
189 1500 276 1565 ferre
295 1502 483 1588 toleranter,
501 1503 671 1588 habebam,
691 1525 754 1587 quo
775 1503 992 1588 confugerem,
1011 1503 1067 1569 nbi
1087 1505 1358 1589 conquiescerem,
1377 1506 1468 1570 cuius

188 1608 224 1672 in
247 1630 397 1675 sermone
424 1614 457 1675 et
485 1610 648 1675 suavitate
677 1610 783 1674 omnis
807 1632 901 1675 curas
930 1611 1122 1695 doloresque
1146 1612 1352 1697 deponerem:
1381 1636 1468 1677 nunc

188 1720 300 1779 autem
331 1716 394 1781 boc
421 1721 491 1781 tam
518 1717 610 1802 gravi
639 1717 769 1781 vulnere
800 1717 899 1782 etiam
927 1717 997 1801 illa,
1030 1740 1112 1802 quae
1146 1719 1355 1784 consanuisse
1383 1719 1467 1784 vide-

187 1822 319 1904 bantur,
342 1824 587 1909 recrudescunt;
610 1845 676 1888 non
699 1824 799 1909 enim,
821 1829 859 1888 ut
882 1828 953 1888 tum
977 1847 1027 1888 me
1051 1846 1070 1887 a
1093 1846 1127 1888 re
1151 1824 1284 1908 publica
1306 1829 1467 1890 maestum

187 1929 305 1994 domus
337 1931 534 2016 excipiebat,
566 1953 648 2015 quac
676 1931 811 2013 levaret,
843 1930 891 1995 sic
917 1953 1003 1995 nunc
1030 1931 1127 1996 domo
1156 1952 1303 1995 maerens
1330 1933 1370 1996 ad
1398 1954 1466 1996 rem

141 2058 174 2099 ιε»
187 2036 355 2121 publicam
384 2038 559 2123 confugere
586 2059 734 2122 possum,
765 2037 858 2101 utin
882 2037 951 2102 eius
980 2037 1074 2102 bonis
1103 2037 1319 2121 adquiescam.
1355 2038 1466 2122 itaque

186 2146 221 2207 et
251 2142 349 2207 domo
382 2142 497 2208 absum
525 2148 559 2207 et
587 2143 672 2228 foro,
705 2144 792 2228 quod
819 2166 879 2208 nec
906 2166 980 2208 eum
1012 2144 1172 2228 dolorem,
1205 2165 1300 2227 quem
1333 2145 1403 2229 †ad
1432 2168 1466 2210 re

186 2249 320 2334 publica
352 2249 462 2335 capio,
495 2251 610 2316 domus
643 2251 708 2316 iam
742 2251 903 2316 consolari
936 2255 1046 2336 potest
1077 2272 1137 2315 nec
1169 2250 1383 2315 domesticum
1415 2273 1466 2315 res

186 2357 327 2441 publica
366 2378 430 2441 quo
454 2357 560 2443 magis
583 2361 616 2422 t'e
640 2362 776 2442 expecto
796 2361 892 2442 teque
911 2358 1020 2423 videre
1040 2379 1138 2442 quam
1156 2356 1298 2440 primum
1316 2357 1411 2441 cupio
1425 2394 1463 2403 —
1484 2375 1500 2423 3

186 2461 324 2546 †maior
348 2462 428 2527 mihi
451 2464 542 2528 natio
566 2464 647 2529 milri
671 2463 795 2529 adferre
819 2463 909 2528 nulla
931 2466 1042 2547 potest
1066 2485 1163 2546 quam
1182 2461 1368 2528 coniunctio
1392 2486 1466 2528 con-

138 2570 368 2635 nsuetudinis
392 2591 642 2655 sermonumque
665 2575 853 2635 nostrorum
877 2595 931 2655 -;
958 2591 1155 2654 quamquam
1179 2568 1348 2653 sperabam
1372 2576 1465 2634 tuum

188 2677 360 2741 adventum
383 2677 490 2741 —sic
513 2677 600 2742 enim
624 2677 796 2742 audiebam
818 2714 855 2723 -
877 2676 1144 2760 adpropinquare.
1181 2696 1242 2760 ego
1263 2679 1372 2739 autem
1391 2698 1465 2741 cum

189 2784 298 2849 multis
326 2784 365 2848 de
393 2784 499 2849 causis
527 2788 560 2849 te
588 2789 707 2868 exopto
736 2806 834 2869 quam
862 2782 1004 2867 primum
1032 2782 1153 2862 videie,
1186 2785 1257 2844 tum
1286 2782 1398 2866 etiam,
1427 2787 1465 2846 ut

189 2895 258 2955 ante
289 2894 546 2956 commentemur
574 2893 660 2956 inter
686 2912 759 2975 nos,
791 2914 855 2975 qna
882 2889 1008 2955 ratione
1036 2889 1132 2954 nobis
1159 2888 1393 2953 traducendum
1421 2889 1465 2953 sit

186 2991 242 3062 boc
269 3003 409 3081 tempus,
433 2998 519 3082 quod
543 3001 593 3063 est
615 3001 724 3062 totum
748 2998 788 3062 ad
811 2997 908 3061 unius
931 2997 1135 3063 voluntatem
1155 2996 1464 3060 accommodandum

138 3147 140 3154 -
181 3106 213 3166 et
237 3103 411 3189 prudentis
435 3109 469 3168 et
491 3103 636 3169 liberalis
661 3108 707 3188 et,
730 3108 767 3168 ut
790 3104 993 3188 perspexisse
1016 3103 1143 3185 uideor,
1166 3124 1225 3166 nec
1249 3124 1269 3165 a
1292 3124 1343 3165 me
1367 3103 1464 3167 alieni

167 3211 211 3272 et
237 3210 303 3275 tibi
328 3210 532 3296 amicissimi,
560 3212 646 3295 quod
674 3233 748 3276 cum
772 3210 818 3274 ita
842 3210 900 3294 sit,
927 3231 1065 3295 magnae
1094 3207 1204 3273 tamen
1231 3213 1281 3272 est
1308 3207 1464 3274 delibera·

155 3314 298 3399 tionis,
327 3338 408 3400 quae
433 3317 518 3380 ratio
540 3317 586 3382 sit
608 3317 748 3382 ineunda
774 3317 870 3381 nobis
892 3339 960 3381 non
983 3315 1099 3401 agendi
1128 3314 1265 3399 aliquid,
1293 3315 1348 3378 sed
1373 3314 1462 3380 illius

142 3443 339 3489 concessu
363 3427 397 3487 et
419 3423 576 3488 beneficio
599 3422 793 3509 quiescendi.
831 3423 910 3487 vale.

715 3617 788 3683 vu.
822 3615 925 3702 (222.)

484 3760 527 3825 n.
552 3759 708 3825 cronno
735 3758 766 3825 s.
786 3759 824 3824 n.
843 3759 887 3824 u.
910 3757 1158 3824 nuncnunc.

269 3885 344 3949 Etsi
368 3906 407 3949 eo
430 3889 463 3949 te
487 3885 592 3950 adhuc
619 3885 755 3950 consilio
783 3907 878 3949 usum
900 3885 1072 3968 intellcg0,
1099 3887 1137 3946 ut
1164 3883 1196 3946 id
1225 3884 1490 3967 reprehenderer

138 4009 248 4055 non
274 3992 426 4075 audeam,
453 4014 518 4056 non
542 3992 620 4076 quin
644 3992 685 4055 ab
709 4013 746 4055 eo
771 3992 840 4075 ipsa
864 3990 1068 4075 dissentiam,
1096 3991 1151 4054 sed
1180 3990 1264 4073 quod
1292 4012 1332 4054 ea
1354 3995 1386 4054 te
1411 4014 1458 4054 sa-

267 4191 292 4239 1.
312 4183 423 4238 luctum
444 4184 510 4249 GR,
534 4183 592 4237 lum
612 4184 647 4236 Μ
667 4187 676 4253 ΙΙ
698 4189 724 4238 2.
744 4182 841 4236 amisis
861 4184 897 4236 M
915 4187 925 4252 11
947 4183 1001 4253 cis]
1020 4182 1065 4235 his
1085 4186 1123 4250 St,
1147 4181 1218 4239 iis-3
1245 4186 1255 4251 11
1282 4187 1305 4235 3.
1332 4183 1361 4235 ot
1383 4199 1457 4250 quac

142 4263 252 4300 eram
271 4257 299 4311 G
312 4258 322 4325 ΙΙ
337 4262 362 4309 t.
377 4253 459 4308 illum
473 4256 510 4308 M
520 4258 529 4323 ss
544 4260 566 4308 7.
583 4256 638 4325 me]
658 4256 725 4308 tuae
741 4256 766 4310 G
780 4257 789 4323 ΙΙ
804 4261 827 4308 9.
843 4271 1026 4324 cogeremque
1042 4255 1103 4322 GR,
1123 4271 1251 4324 cogerem
1266 4254 1303 4306 M
1313 4257 1322 4321 l
1338 4260 1377 4307 10.
1394 4270 1457 4306 con-

143 4316 305 4383 fugerem
324 4327 361 4394 R,
382 4326 464 4379 confn
511 4342 556 4380 em
574 4327 620 4394 M,
639 4327 765 4396 fugerem
785 4328 810 4380 G
829 4328 838 4393 ΙΙ
857 4332 898 4379 12.
919 4324 1098 4379 consanuisse
1118 4325 1163 4391 M,
1183 4324 1360 4379 consenuisse
1381 4326 1435 4379 GR
1449 4326 1459 4394 ῙΙ

149 4389 280 4450 ¹3=111e
296 4398 326 4469 a]
345 4397 462 4451 mcaM
489 4399 651 4465 ,261114Ι
673 4414 781 4450 marens
802 4398 837 4450 Μ
847 4400 857 4465 ΙΙ
873 4402 913 4450 16.
934 4397 970 4450 ad
988 4397 1034 4450 M¹
1053 4415 1120 4451 corr.
1141 4399 1172 4449 iu
1191 4413 1226 4449 ax
1246 4398 1274 4463 (a
1288 4415 1322 4448 cx
1336 4412 1372 4448 ax
1388 4396 1456 4463 ΜΓ),

148 4450 189 4503 ‘¹⁰
215 4457 299 4537 GR,
319 4470 512 4536 eLcmbinas,
530 4470 580 4523 del.
602 4470 760 4539 ll'esenbcrp
779 4470 788 4536 ΙΙ
808 4475 848 4521 19.
868 4467 958 4521 maior
977 4467 1046 4520 mihi
1065 4467 1143 4521 natio
1162 4466 1232 4520 mihi
1251 4466 1359 4519 adferre
1379 4466 1458 4520 nulla

152 4519 203 4589 Μ»
237 4539 345 4593 maius
368 4538 440 4593 mihi
466 4538 601 4594 solacium
627 4538 771 4606 (solatium
797 4540 835 4608 R)
864 4539 963 4593 afferre
985 4538 1059 4592 ratio
1083 4537 1161 4591 nulla
1185 4539 1252 4604 GR,
1280 4544 1310 4591 ut
1336 4540 1457 4661 equidem

152 4598 225 4652 Μ)
248 4635 294 4650 κ
309 4612 390 4665 aliter
410 4611 559 4666 Streicberc
579 4614 620 4679 (p.
637 4614 699 4681 151)
717 4613 805 4665 'cisum
821 4642 851 4650 —
867 4629 901 4664 ec
920 4611 1135 4678 interpolatione.
1155 4608 1245 4661 maior
1264 4607 1332 4660 mihi
1363 4608 1457 4663 ovatio

156 4658 207 4721 (θα
234 4680 345 4736 maior
368 4681 443 4736 onim
465 4681 572 4736 levatio
595 4681 675 4749 mihi)
700 4681 792 4735 afferri
816 4686 970 4752 corripiant,
997 4682 1068 4749 quod
1091 4683 1151 4734 iure
1175 4682 1278 4748 respuit
1301 4680 1435 4734 b'treiclier

158 4729 196 4784 Ἃ·
220 4752 482 4807 ssoeomodandum
501 4754 538 4808 M
557 4756 567 4822 ΙΙ
589 4759 630 4806 25.
652 4770 669 4807 a
689 4754 726 4819 G,
752 4761 777 4807 et
795 4770 829 4807 ea
847 4753 884 4805 ad
904 4752 951 4818 ΕΙ,
969 4770 1020 4806 om.
1039 4752 1077 4804 M
1095 4754 1104 4819 l}
1128 4756 1169 4804 27.
1190 4750 1292 4819 agendi
1311 4769 1345 4806 ox
1364 4751 1457 4821 agend

162 4794 236 4881 Mu.
256 4823 312 4878 81.
330 4823 448 4879 consilio
468 4824 559 4878 adhuc
578 4825 606 4879 R
620 4827 629 4894 ll
643 4831 684 4878 32.
704 4842 760 4878 non
779 4827 853 4892 (ante
872 4823 952 4893 quin)
970 4823 1011 4889 M,
1031 4839 1066 4876 nc
1085 4823 1140 4878 GR
