3286 5460
199 345 264 410 386
651 343 688 408 M.
707 344 814 400 TVLLI
833 342 1022 399 CICERONIS

199 513 309 573 tantos
328 509 493 593 percipere
512 509 634 573 luctus!
671 531 748 572 nam
768 508 846 592 quid
864 527 925 593 ego
944 506 984 571 de
1003 502 1158 571 Cicerone
1177 504 1305 570 dicam?
1328 503 1480 589 quicum

198 615 341 700 primum
369 637 482 699 sapere
510 615 631 701 coepit,
662 614 889 680 acerbissimos
920 613 1048 678 dolores
1080 612 1291 697 miseriasque
1322 610 1481 697 percepit

200 722 347 806 quaesi,
375 726 412 786 tu
434 727 472 787 ut
496 721 626 806 scribis,
650 721 730 786 ‘fato
753 719 852 786 facta'
876 724 1040 805 putarem,
1069 719 1188 785 ferrem
1214 717 1312 804 paulo
1340 717 1482 801 facilius,

199 829 255 893 sed
280 829 387 894 omnia
410 833 488 893 sunt
507 850 580 893 mea
599 828 693 913 culpa
712 828 895 913 commissa,
919 827 974 911 qui
994 827 1035 891 ab
1054 825 1101 892 eis
1120 848 1171 891 me
1191 826 1294 891 amari
1312 825 1481 912 putabam,

164 936 254 1019 aqui
277 935 479 1021 invidebant,
512 957 567 1000 eos
595 957 663 1001 non
689 935 861 1021 sequebar,
892 934 947 1019 qui
976 933 1140 1018 petebant.
1186 933 1272 1017 quod
1300 933 1328 998 si
1355 933 1481 997 nostris
1508 953 1520 992 s

199 1042 345 1107 consiliis
368 1045 420 1108 usi
443 1065 587 1108 essemus
614 1066 719 1129 neque
747 1047 827 1128 aput
853 1064 913 1107 nos
942 1044 1072 1106 tantum
1100 1039 1257 1105 valuisset
1285 1062 1394 1106 sermo
1424 1044 1482 1105 aut

199 1150 377 1215 stultorum
400 1151 579 1217 amicorum
603 1154 660 1214 aut
682 1150 922 1234 improborum,
952 1147 1135 1213 beatissimi
1157 1147 1355 1213 viveremus:
1385 1169 1482 1230 nuno,

198 1258 353 1341 quoniam
377 1279 506 1341 sperare
530 1279 591 1322 nos
615 1257 711 1322 amici
733 1257 861 1340 iubent,
885 1255 968 1320 dabo
993 1276 1139 1340 operam,
1168 1276 1208 1318 ne
1231 1276 1303 1319 mea
1326 1253 1481 1319 valetudo

198 1367 255 1428 tuo
279 1363 385 1428 labori
409 1365 500 1429 desit.
542 1386 593 1428 res
618 1367 740 1447 quanta
759 1363 813 1448 sit,
836 1361 1001 1448 intellego,
1025 1364 1212 1446 quantoque
1230 1360 1330 1426 fiterit
1348 1360 1481 1427 facilius

200 1492 329 1534 manere
354 1470 441 1535 domi
465 1492 562 1554 quam
585 1470 704 1554 redire,
728 1470 784 1535 sed
807 1473 927 1553 tamen,
950 1467 979 1532 si
1002 1489 1114 1533 omnes
1137 1471 1177 1532 tr.
1196 1467 1239 1552 pl.
1258 1466 1428 1553 habemus,
1452 1469 1480 1532 si
1496 1487 1543 1526 10«

200 1574 375 1640 Lentulum
399 1580 467 1641 tam
491 1577 688 1661 studiosum,
716 1598 814 1661 quam
842 1575 982 1658 videtur,
1010 1573 1039 1639 si
1062 1574 1262 1639 vero-etiam
1285 1573 1482 1659 Pompeium

164 1687 233 1749 aet
257 1680 439 1769 Gaesarem,
460 1706 527 1748 non
550 1688 600 1749 est
624 1683 867 1768 desperandum.
909 1683 947 1746 dc
971 1679 1105 1766 familia,
1131 1680 1293 1765 quomodo
1316 1679 1480 1765 placuisse

200 1789 315 1854 scribis
335 1790 457 1872 amicis,
480 1790 645 1855 faciemus.
683 1790 720 1855 de
740 1790 822 1875 loco,
842 1811 928 1854 nunc
948 1788 1077 1872 quidem
1096 1787 1161 1851 iam
1181 1786 1264 1851 abiit
1282 1786 1483 1873 pestilentia,

200 1897 265 1982 sed,
288 1897 442 1982 quamdiu
465 1895 542 1975 fuit,
566 1917 705 1961 menon
728 1897 851 1983 attigit.
892 1895 1060 1978 Plancius,
1081 1892 1181 1959 homo
1210 1893 1481 1978 officiosissimus,

200 2025 250 2066 me
279 2003 369 2088 cupit
397 2026 466 2068 esse
497 2025 608 2068 secum
635 2007 669 2067 et
697 2002 802 2067 adhuc
829 2002 958 2067 retinet.
1004 2021 1066 2088 ego
1094 2002 1245 2067 volebam
1271 2000 1345 2066 loco
1372 2002 1481 2088 magis
1497 2026 1543 2065 ιε

200 2109 327 2174 deserto
355 2132 426 2175 esse
453 2109 489 2174 in
515 2109 632 2195 Epiro,
663 2132 726 2195 quo
754 2132 859 2195 neque
887 2109 987 2194 †ipso
1014 2109 1141 2175 veniret
1167 2132 1227 2176 nec
1254 2109 1392 2194 milites,
1425 2110 1482 2174 sed

199 2215 303 2281 adhuc
326 2215 478 2282 Plancius
502 2239 554 2281 me
578 2216 713 2281 retinet:
737 2221 848 2300 sperat
870 2239 967 2301 posse
990 2216 1071 2301 fieri,
1093 2221 1131 2282 ut
1149 2205 1276 2282 meeum
1295 2217 1329 2281 in
1347 2215 1482 2281 Italiam

199 2323 347 2408 decedat3
379 2346 476 2408 quem
508 2346 568 2410 ego
601 2322 687 2388 diem
719 2324 747 2388 si
776 2324 885 2388 videro
919 2328 952 2388 et
980 2323 1008 2387 si
1036 2323 1071 2388 in
1098 2328 1243 2388 vestrum
1274 2323 1483 2407 complexum

200 2453 316 2495 venero
341 2454 378 2496 ac
401 2431 429 2496 si
453 2434 487 2496 et
509 2452 568 2496 vos
592 2434 625 2495 et
653 2453 704 2494 me
731 2418 840 2514 ipsum
867 2451 1075 2515 recuperaro,
1105 2432 1186 2495 satis
1214 2451 1371 2516 maguum
1399 2429 1482 2494 mihi

164 2537 342 2604 rfructum
374 2538 508 2602 videbor
541 2537 723 2621 percepisse
755 2541 789 2602 et
821 2541 949 2602 vestrae
981 2537 1115 2621 pietatis
1144 2541 1177 2603 et
1204 2559 1304 2604 meae.
1349 2535 1483 2601 Pisonis
1496 2560 1525 2599 ro

199 2644 399 2726 humanitas,
431 2645 549 2729 virtus,
581 2666 673 2708 amor
696 2644 730 2708 in
754 2644 859 2709 omnis
883 2665 942 2708 nos
971 2649 1084 2708 tantus
1113 2649 1177 2728 est,
1206 2649 1244 2710 ut
1270 2643 1353 2708 nihil
1383 2665 1484 2729 supra

198 2749 317 2835 possit:
345 2752 472 2815 utinam
495 2773 534 2814 ea
555 2772 608 2815 res
632 2751 661 2814 ei
690 2751 854 2835 voluptati
882 2750 938 2815 sit!
970 2751 1093 2837 gloriae
1122 2750 1252 2835 quidem
1279 2751 1374 2816 video
1402 2751 1482 2816 fore.

199 2859 237 2921 de
257 2856 378 2933 Quinto
402 2857 503 2923 fratre
523 2857 605 2921 nihil
625 2861 739 2942 egeto
759 2858 917 2941 accusavi,
941 2858 997 2923 sed
1016 2879 1083 2941 vos,
1107 2879 1181 2922 cum
1199 2858 1394 2942 praesertim
1412 2862 1481 2923 tam

163 2965 294 3049 opauci
322 2965 409 3048 sitis,
444 2964 531 3029 volui
559 2986 629 3029 esse
658 2986 755 3048 quam
784 2964 1078 3030 coniunctissimos.
1120 2963 1240 3049 quibus
1267 2987 1319 3031 me
1346 2966 1482 3031 voluisti

199 3094 295 3158 agere
319 3071 457 3157 gratias,
481 3071 534 3157 egi
558 3076 592 3136 et
613 3094 664 3136 me
688 3094 708 3134 a
731 3076 764 3137 te
788 3072 961 3138 certiorem
984 3072 1108 3138 factum
1132 3094 1203 3136 esse
1227 3071 1352 3156 scripsi.
1396 3073 1483 3157 quod
1496 3093 1520 3132 rs

199 3179 239 3243 ad
263 3200 328 3261 me,
357 3199 428 3242 mea
450 3177 616 3261 Terentia,
644 3178 760 3243 scribis
784 3183 816 3243 te
840 3179 946 3243 vicum
976 3178 1195 3262 vendituram,
1224 3178 1316 3262 quid,
1344 3201 1481 3264 opsecro

198 3291 295 3349 te-
313 3307 364 3347 me
384 3284 553 3348 miserum!
574 3321 625 3368 —,
649 3283 727 3367 quid
750 3284 898 3349 futurum
917 3285 990 3349 est?
1027 3289 1069 3368 et,
1093 3286 1122 3350 si
1141 3307 1201 3350 nos
1221 3289 1349 3369 premet
1369 3284 1482 3351 eadem

197 3392 338 3475 fortuna,
363 3391 439 3476 quid
462 3412 562 3474 puero
583 3390 701 3455 misero
721 3391 800 3456 fiet?
837 3413 903 3456 non
922 3414 1005 3477 queo
1025 3391 1152 3477 reliqua
1171 3391 1312 3457 scribere
1330 3428 1369 3439 -
1387 3396 1484 3457 tanta

197 3501 246 3565 vis
267 3499 477 3565 lacrimarum
497 3503 547 3562 est
569 3534 619 3584 -,
637 3520 740 3583 neque
759 3502 792 3563 te
811 3499 846 3563 in
865 3499 1002 3563 eundem
1021 3498 1135 3563 fletum
1155 3499 1327 3584 adducam,
1350 3503 1482 3565 tautum

198 3607 319 3671 scribo:
344 3606 371 3670 si
395 3609 490 3671 erunt
513 3603 546 3669 in
571 3604 678 3669 officio
702 3605 812 3687 amici,
841 3606 979 3690 pecunia
1006 3627 1072 3670 non
1099 3605 1197 3689 derit3
1225 3605 1253 3669 si
1281 3627 1347 3671 non
1376 3609 1521 3691 eruntso

198 3717 234 3777 tu
259 3713 386 3777 efficere
410 3716 468 3776 tua
491 3711 627 3796 pecunia
650 3733 715 3776 non
739 3711 872 3795 poteris.
914 3734 972 3796 per
1000 3712 1148 3777 fortunas
1176 3711 1312 3778 miseras
1339 3716 1482 3797 nostras,

287 3875 311 3924 3.
331 3868 356 3921 si
375 3872 455 3923 uttu
475 3869 511 3922 Η
519 3868 639 3938 llpaullo
659 3883 683 3950 ς,
703 3869 767 3923 bene
784 3870 794 3938 ss
811 3867 897 3950 43eis
928 3867 973 3922 his
994 3869 1060 3938 uF,
1080 3867 1151 3927 iias
1174 3872 1184 3952 Ι]
1206 3874 1231 3924 8.
1251 3839 1407 3924 amicin'os
1428 3869 1483 3941 ΠΗ

199 3940 549 4008 nerrH²1>‚ucFH1n
575 3945 599 3995 9.
619 3939 694 3993 deut
714 3942 755 4006 Ψ,
773 3942 863 4008 pros1t
929 3939 1349 4010 llres....fuer1tom.Fll
1374 3946 1416 3995 15.
1436 3959 1482 3996 me

199 4011 278 4078 eupit
296 4027 356 4064 esse
376 4028 469 4064 seeum
489 4011 534 4080 M,
563 4027 658 4065 secum
676 4026 721 4064 me
739 4010 819 4080 cupit
837 4027 898 4065 esse
921 4028 955 4066 cc
977 4027 1087 4065 meeum
1110 4011 1188 4081 cupit
1211 4028 1272 4065 esse
1290 4012 1345 4080 D¹,
1370 4029 1480 4066 mecum

199 4081 277 4149 cupit
295 4098 355 4135 esse
375 4083 418 4150 Η,
442 4082 521 4152 cupit
539 4099 599 4136 esse
618 4097 727 4135 mecum
747 4082 776 4134 F
797 4084 806 4150 ΙΙ
830 4088 870 4136 16.
890 4082 921 4135 in
940 4082 1024 4151 Epiro
1043 4083 1094 4137 del.
1113 4083 1250 4154 Pluypers
1269 4083 1413 4151 (Mnemos.
1434 4084 1481 4139 IX.

200 4157 276 4206 1881.
298 4172 327 4220 p.
350 4157 419 4220 119).
457 4161 487 4207 at
504 4171 528 4208 v.
550 4154 603 4207 Gic.
623 4154 660 4207 ud
679 4153 737 4206 Aa.
756 4153 807 4219 ΠΙ,
827 4159 873 4221 213
897 4158 945 4220 22,
966 4158 1025 4206 1.r
1052 4156 1061 4223 ll
1089 4170 1144 4222 quo
1171 4170 1262 4222 neque
1285 4153 1348 4222 ipso
1372 4154 1484 4209 ueniret

198 4239 249 4303 nec
268 4225 314 4290 Μ,
338 4231 362 4277 et
381 4224 411 4277 D
428 4226 485 4279 arsi
503 4226 575 4307 quod
592 4223 666 4293 ipse,
693 4239 748 4291 quo
766 4240 817 4307 nec
836 4224 898 4305 ipso
921 4224 1017 4277 uenire
1036 4227 1079 4278 est
1101 4241 1153 4278 nec
1176 4224 1244 4279 ΕΗ.
1274 4243 1327 4294 pro
1351 4235 1483 4307 corrupto

199 4294 1477 4490 111111111111111111111111111(1111111111Ι11111ΙΞἯ.

198 4441 240 4488 ⁶26.
260 4436 439 4489 uenditorem
459 4436 557 4504 FHD,
579 4436 760 4490 uenditurum
778 4437 818 4492 M.
852 4440 886 4505 cs.
909 4438 977 4492 Gall.
1011 4443 1093 4505 ,tet
1111 4438 1198 4492 Hertz
1216 4456 1282 4492 ann.
1299 4439 1370 4507 ptil.
1390 4442 1482 4509 suppl.

199 4505 256 4559 Vll.
278 4512 354 4561 1873,
370 4525 400 4575 p.
418 4513 450 4559 13
469 4509 583 4562 (1111122
599 4507 697 4576 flquod
716 4507 774 4561 obs.
796 4508 859 4562 ΡΗ
868 4512 877 4577 ss
897 4513 938 4562 27.
959 4510 1074 4563 et-28.
1095 4508 1144 4561 fiet
1163 4508 1226 4561 MD
1243 4511 1400 4577 (praeterea
1418 4529 1482 4566 coa·

199 4581 345 4646 lacrimae),
365 4597 414 4632 oca.
435 4579 496 4631 FH
513 4582 521 4645 ll
543 4585 585 4634 27.
604 4581 713 4647 premet
732 4582 869 4647 (praemet
888 4580 947 4647 Mp
967 4578 1087 4647 perimet
1105 4581 1222 4649 marewic
1242 4581 1327 4640 l‘udo.
1347 4583 1421 4636 crit’
1443 4582 1482 4635 111

196 4665 224 4714 p.
242 4651 310 4716 164),
330 4667 384 4702 >reon
397 4657 464 4718 puto
479 4652 538 4705 iura
552 4653 561 4719 ΙΙ
576 4655 617 4703 30.
639 4650 712 4703 derit
727 4651 767 4717 M,
787 4650 861 4718 perit
872 4650 974 4716 ΤΗΙ),
995 4651 1084 4704 deerit
1098 4666 1113 4707 ς
1128 4652 1138 4719 ΙΙ
1152 4657 1193 4704 31,
1215 4651 1337 4723 efficere]
1353 4653 1482 4707 sufficere

199 4718 332 4786 Pluypers
350 4720 491 4787 (Mnemos.
511 4722 531 4774 Ι.
553 4724 628 4775 1878.
645 4740 675 4790 p.
691 4724 744 4788 66),
763 4724 892 4789 speciose,
910 4724 956 4776 sed
974 4723 1053 4777 vuldo
1071 4724 1166 4777 dubito
1186 4740 1224 4776 arr
1242 4740 1301 4777 vere
1314 4724 1324 4792 ll
1338 4741 1390 4792 per
1409 4723 1481 4798 (te)

200 4785 324 4840 fortunas
346 4792 438 4844 (li-elli.
471 4800 499 4845 ut
519 4812 542 4845 r.
563 4793 633 4846 Boot
653 4793 690 4846 ad
710 4791 764 4846 cic.
785 4794 822 4846 ad
841 4793 899 4850 Aet.
919 4793 966 4858 Ill,
982 4798 1054 4860 20,1
