<?xml version="1.0" encoding="UTF-8"?>
<!DOCTYPE html PUBLIC "-//W3C//DTD XHTML 1.0 Transitional//EN"
    "http://www.w3.org/TR/xhtml1/DTD/xhtml1-transitional.dtd">
<html xmlns="http://www.w3.org/1999/xhtml" xml:lang="en" lang="en">
 <head>
  <title>
</title>
<meta http-equiv="Content-Type" content="text/html;charset=utf-8" />
  <meta name='ocr-system' content='tesseract 3.04.00' />
  <meta name='ocr-capabilities' content='ocr_page ocr_carea ocr_par ocr_line ocrx_word'/>
</head>
<body>
  <div class='ocr_page' id='page_1' title='image "./mtulliciceronis00koergoog/mtulliciceronis00koergoog_0154.png"; bbox 0 0 3286 5460; ppageno 0'>
   <div class='ocr_carea' id='block_1_1' title="bbox 489 381 1373 452">
    <p class='ocr_par' dir='ltr' id='par_1_1' title="bbox 489 381 1373 452">
     <span class='ocr_line' id='line_1_1' title="bbox 489 381 1373 452; baseline 0.014 -12"><span class='ocrx_word' id='word_1_1' title='bbox 489 382 746 441; x_wconf 66' lang='lat' dir='ltr'>EPISMARVM</span> <span class='ocrx_word' id='word_1_2' title='bbox 765 381 797 440; x_wconf 84' lang='lat' dir='ltr'>v.</span> <span class='ocrx_word' id='word_1_3' title='bbox 819 389 861 440; x_wconf 81' lang='lat' dir='ltr'>ra.</span> <span class='ocrx_word' id='word_1_4' title='bbox 882 390 922 440; x_wconf 85' lang='lat' dir='ltr'>1a.</span> <span class='ocrx_word' id='word_1_5' title='bbox 944 389 985 441; x_wconf 77' lang='lat'>14.</span> <span class='ocrx_word' id='word_1_6' title='bbox 1309 385 1373 452; x_wconf 77' lang='lat'>115</span> 
     </span>
    </p>
   </div>
   <div class='ocr_carea' id='block_1_2' title="bbox 10 549 1410 2663">
    <p class='ocr_par' dir='ltr' id='par_1_2' title="bbox 10 549 1410 2663">
     <span class='ocr_line' id='line_1_2' title="bbox 96 549 1375 637; baseline 0.001 -22"><span class='ocrx_word' id='word_1_7' title='bbox 96 551 239 636; x_wconf 84' lang='lat' dir='ltr'>reperies</span> <span class='ocrx_word' id='word_1_8' title='bbox 262 551 422 637; x_wconf 85' lang='lat' dir='ltr'>profecto,</span> <span class='ocrx_word' id='word_1_9' title='bbox 447 551 533 635; x_wconf 90' lang='lat' dir='ltr'>quod</span> <span class='ocrx_word' id='word_1_10' title='bbox 556 573 622 616; x_wconf 92' lang='lat' dir='ltr'>non</span> <span class='ocrx_word' id='word_1_11' title='bbox 645 551 785 616; x_wconf 88' lang='lat' dir='ltr'>fractum</span> <span class='ocrx_word' id='word_1_12' title='bbox 808 550 1056 616; x_wconf 79' lang='lat' dir='ltr'>debilitatumve</span> <span class='ocrx_word' id='word_1_13' title='bbox 1080 549 1137 635; x_wconf 82' lang='lat' dir='ltr'>sit3</span> <span class='ocrx_word' id='word_1_14' title='bbox 1165 572 1246 636; x_wconf 90' lang='lat' dir='ltr'>quae</span> <span class='ocrx_word' id='word_1_15' title='bbox 1270 573 1375 635; x_wconf 88' lang='lat' dir='ltr'>perse·</span> 
     </span>
     <span class='ocr_line' id='line_1_3' title="bbox 93 658 1381 755; baseline 0.001 -34"><span class='ocrx_word' id='word_1_16' title='bbox 93 680 219 743; x_wconf 78' lang='lat' dir='ltr'>queret,</span> <span class='ocrx_word' id='word_1_17' title='bbox 242 658 270 722; x_wconf 88' lang='lat' dir='ltr'>si</span> <span class='ocrx_word' id='word_1_18' title='bbox 294 662 351 723; x_wconf 90' lang='lat' dir='ltr'>ant</span> <span class='ocrx_word' id='word_1_19' title='bbox 373 658 490 723; x_wconf 92' lang='lat' dir='ltr'>melius</span> <span class='ocrx_word' id='word_1_20' title='bbox 514 681 551 723; x_wconf 91' lang='lat' dir='ltr'>ea</span> <span class='ocrx_word' id='word_1_21' title='bbox 574 658 725 742; x_wconf 82' lang='lat' dir='ltr'>viderem,</span> <span class='ocrx_word' id='word_1_22' title='bbox 748 679 845 741; x_wconf 90' lang='lat' dir='ltr'>quam</span> <span class='ocrx_word' id='word_1_23' title='bbox 865 662 902 721; x_wconf 91' lang='lat' dir='ltr'>tu</span> <span class='ocrx_word' id='word_1_24' title='bbox 921 658 1019 741; x_wconf 82' lang='lat' dir='ltr'>rides,</span> <span class='ocrx_word' id='word_1_25' title='bbox 1043 663 1100 721; x_wconf 91' lang='lat' dir='ltr'>aut</span> <span class='ocrx_word' id='word_1_26' title='bbox 1119 679 1381 755; x_wconf 50' lang='lat' dir='ltr'>commemorare·</span> 
     </span>
     <span class='ocr_line' id='line_1_4' title="bbox 93 763 1373 851; baseline -0.002 -21"><span class='ocrx_word' id='word_1_27' title='bbox 93 787 225 849; x_wconf 91' lang='lat' dir='ltr'>possem</span> <span class='ocrx_word' id='word_1_28' title='bbox 252 765 321 830; x_wconf 93' lang='lat' dir='ltr'>sine</span> <span class='ocrx_word' id='word_1_29' title='bbox 349 765 473 849; x_wconf 92' lang='lat' dir='ltr'>dolore,</span> <span class='ocrx_word' id='word_1_30' title='bbox 507 786 705 851; x_wconf 88' lang='lat' dir='ltr'>quamquam</span> <span class='ocrx_word' id='word_1_31' title='bbox 734 765 799 829; x_wconf 90' lang='lat' dir='ltr'>tuis</span> <span class='ocrx_word' id='word_1_32' title='bbox 829 763 962 829; x_wconf 89' lang='lat' dir='ltr'>monitis</span> <span class='ocrx_word' id='word_1_33' title='bbox 993 764 1237 848; x_wconf 81' lang='lat' dir='ltr'>praeceptisque</span> <span class='ocrx_word' id='word_1_34' title='bbox 1267 765 1373 829; x_wconf 90' lang='lat' dir='ltr'>omnis</span> 
     </span>
     <span class='ocr_line' id='line_1_5' title="bbox 94 870 1410 957; baseline 0.001 -23"><span class='ocrx_word' id='word_1_35' title='bbox 94 877 146 935; x_wconf 90' lang='lat' dir='ltr'>est</span> <span class='ocrx_word' id='word_1_36' title='bbox 178 871 365 937; x_wconf 87' lang='lat' dir='ltr'>abiciendus</span> <span class='ocrx_word' id='word_1_37' title='bbox 399 873 500 938; x_wconf 91' lang='lat' dir='ltr'>dolor.</span> <span class='ocrx_word' id='word_1_38' title='bbox 546 893 625 957; x_wconf 89' lang='lat' dir='ltr'>ergo</span> <span class='ocrx_word' id='word_1_39' title='bbox 654 876 687 936; x_wconf 91' lang='lat' dir='ltr'>et</span> <span class='ocrx_word' id='word_1_40' title='bbox 715 871 894 935; x_wconf 91' lang='lat' dir='ltr'>domestica</span> <span class='ocrx_word' id='word_1_41' title='bbox 925 870 1080 954; x_wconf 87' lang='lat' dir='ltr'>feremus,</span> <span class='ocrx_word' id='word_1_42' title='bbox 1113 875 1151 935; x_wconf 91' lang='lat' dir='ltr'>ut</span> <span class='ocrx_word' id='word_1_43' title='bbox 1181 893 1309 954; x_wconf 86' lang='lat' dir='ltr'>censes,</span> <span class='ocrx_word' id='word_1_44' title='bbox 1341 875 1410 935; x_wconf 76' lang='lat' dir='ltr'>ets</span> 
     </span>
     <span class='ocr_line' id='line_1_6' title="bbox 66 977 1374 1063; baseline 0.004 -26"><span class='ocrx_word' id='word_1_45' title='bbox 66 978 225 1062; x_wconf 83' lang='lat' dir='ltr'>spublica</span> <span class='ocrx_word' id='word_1_46' title='bbox 247 980 359 1063; x_wconf 88' lang='lat' dir='ltr'>paullo</span> <span class='ocrx_word' id='word_1_47' title='bbox 382 979 482 1044; x_wconf 89' lang='lat' dir='ltr'>etiam</span> <span class='ocrx_word' id='word_1_48' title='bbox 509 978 629 1043; x_wconf 85' lang='lat' dir='ltr'>fortius</span> <span class='ocrx_word' id='word_1_49' title='bbox 656 977 797 1043; x_wconf 81' lang='lat' dir='ltr'>fortasse</span> <span class='ocrx_word' id='word_1_50' title='bbox 826 1000 923 1061; x_wconf 91' lang='lat' dir='ltr'>quarn</span> <span class='ocrx_word' id='word_1_51' title='bbox 947 981 983 1042; x_wconf 91' lang='lat' dir='ltr'>tu</span> <span class='ocrx_word' id='word_1_52' title='bbox 1007 978 1090 1061; x_wconf 90' lang='lat' dir='ltr'>ipse,</span> <span class='ocrx_word' id='word_1_53' title='bbox 1117 978 1173 1062; x_wconf 90' lang='lat' dir='ltr'>qui</span> <span class='ocrx_word' id='word_1_54' title='bbox 1201 978 1374 1062; x_wconf 76' lang='lat' dir='ltr'>praecipis,</span> 
     </span>
     <span class='ocr_line' id='line_1_7' title="bbox 94 1065 1376 1171; baseline 0.001 -24"><span class='ocrx_word' id='word_1_55' title='bbox 94 1088 127 1148; x_wconf 91' lang='lat' dir='ltr'>te</span> <span class='ocrx_word' id='word_1_56' title='bbox 155 1065 242 1149; x_wconf 88' lang='lat' dir='ltr'>enim</span> <span class='ocrx_word' id='word_1_57' title='bbox 270 1085 381 1170; x_wconf 89' lang='lat' dir='ltr'>aliqua</span> <span class='ocrx_word' id='word_1_58' title='bbox 409 1108 483 1171; x_wconf 90' lang='lat' dir='ltr'>spes</span> <span class='ocrx_word' id='word_1_59' title='bbox 515 1085 715 1170; x_wconf 88' lang='lat' dir='ltr'>consolatur,</span> <span class='ocrx_word' id='word_1_60' title='bbox 747 1089 785 1148; x_wconf 92' lang='lat' dir='ltr'>ut</span> <span class='ocrx_word' id='word_1_61' title='bbox 813 1084 943 1168; x_wconf 89' lang='lat' dir='ltr'>scribis,</span> <span class='ocrx_word' id='word_1_62' title='bbox 975 1106 1036 1149; x_wconf 90' lang='lat' dir='ltr'>nos</span> <span class='ocrx_word' id='word_1_63' title='bbox 1064 1084 1185 1148; x_wconf 91' lang='lat' dir='ltr'>erimus</span> <span class='ocrx_word' id='word_1_64' title='bbox 1213 1085 1314 1149; x_wconf 93' lang='lat' dir='ltr'>etiam</span> <span class='ocrx_word' id='word_1_65' title='bbox 1341 1085 1376 1148; x_wconf 93' lang='lat' dir='ltr'>in</span> 
     </span>
     <span class='ocr_line' id='line_1_8' title="bbox 93 1190 1375 1277; baseline -0.001 -21"><span class='ocrx_word' id='word_1_66' title='bbox 93 1192 275 1275; x_wconf 89' lang='lat' dir='ltr'>†omnibus</span> <span class='ocrx_word' id='word_1_67' title='bbox 309 1193 533 1277; x_wconf 85' lang='lat' dir='ltr'>desperatione</span> <span class='ocrx_word' id='word_1_68' title='bbox 566 1192 685 1274; x_wconf 84' lang='lat' dir='ltr'>fortes,</span> <span class='ocrx_word' id='word_1_69' title='bbox 716 1196 754 1256; x_wconf 91' lang='lat' dir='ltr'>ut</span> <span class='ocrx_word' id='word_1_70' title='bbox 782 1195 818 1255; x_wconf 90' lang='lat' dir='ltr'>tu</span> <span class='ocrx_word' id='word_1_71' title='bbox 846 1196 956 1256; x_wconf 88' lang='lat' dir='ltr'>tamen</span> <span class='ocrx_word' id='word_1_72' title='bbox 986 1190 1071 1254; x_wconf 92' lang='lat' dir='ltr'>idem</span> <span class='ocrx_word' id='word_1_73' title='bbox 1104 1195 1137 1256; x_wconf 92' lang='lat' dir='ltr'>et</span> <span class='ocrx_word' id='word_1_74' title='bbox 1169 1191 1310 1256; x_wconf 87' lang='lat' dir='ltr'>hortaris</span> <span class='ocrx_word' id='word_1_75' title='bbox 1342 1195 1375 1255; x_wconf 90' lang='lat' dir='ltr'>ct</span> 
     </span>
     <span class='ocr_line' id='line_1_9' title="bbox 92 1297 1375 1382; baseline 0.001 -21"><span class='ocrx_word' id='word_1_76' title='bbox 92 1297 264 1382; x_wconf 82' lang='lat' dir='ltr'>praecipis,</span> <span class='ocrx_word' id='word_1_77' title='bbox 288 1298 345 1362; x_wconf 91' lang='lat' dir='ltr'>das</span> <span class='ocrx_word' id='word_1_78' title='bbox 364 1299 451 1362; x_wconf 92' lang='lat' dir='ltr'>enim</span> <span class='ocrx_word' id='word_1_79' title='bbox 470 1298 551 1362; x_wconf 89' lang='lat' dir='ltr'>mihi</span> <span class='ocrx_word' id='word_1_80' title='bbox 570 1298 726 1363; x_wconf 89' lang='lat' dir='ltr'>iucundas</span> <span class='ocrx_word' id='word_1_81' title='bbox 745 1298 985 1364; x_wconf 78' lang='lat' dir='ltr'>recordationes</span> <span class='ocrx_word' id='word_1_82' title='bbox 1006 1297 1224 1363; x_wconf 89' lang='lat' dir='ltr'>conscientiae</span> <span class='ocrx_word' id='word_1_83' title='bbox 1241 1304 1375 1364; x_wconf 88' lang='lat' dir='ltr'>nostrae</span> 
     </span>
     <span class='ocr_line' id='line_1_10' title="bbox 94 1405 1374 1492; baseline 0.002 -25"><span class='ocrx_word' id='word_1_84' title='bbox 94 1426 268 1488; x_wconf 87' lang='lat' dir='ltr'>rerumque</span> <span class='ocrx_word' id='word_1_85' title='bbox 291 1428 416 1489; x_wconf 88' lang='lat' dir='ltr'>earum,</span> <span class='ocrx_word' id='word_1_86' title='bbox 440 1428 520 1490; x_wconf 88' lang='lat' dir='ltr'>quas</span> <span class='ocrx_word' id='word_1_87' title='bbox 544 1410 577 1469; x_wconf 90' lang='lat' dir='ltr'>te</span> <span class='ocrx_word' id='word_1_88' title='bbox 600 1405 635 1470; x_wconf 92' lang='lat' dir='ltr'>in</span> <span class='ocrx_word' id='word_1_89' title='bbox 658 1405 772 1489; x_wconf 91' lang='lat' dir='ltr'>primis</span> <span class='ocrx_word' id='word_1_90' title='bbox 797 1408 929 1471; x_wconf 87' lang='lat' dir='ltr'>auctore</span> <span class='ocrx_word' id='word_1_91' title='bbox 953 1405 1127 1492; x_wconf 81' lang='lat' dir='ltr'>gessimus,</span> <span class='ocrx_word' id='word_1_92' title='bbox 1150 1407 1374 1490; x_wconf 86' lang='lat' dir='ltr'>praestitimus</span> 
     </span>
     <span class='ocr_line' id='line_1_11' title="bbox 60 1511 1375 1597; baseline 0.002 -23"><span class='ocrx_word' id='word_1_93' title='bbox 60 1511 181 1575; x_wconf 78' lang='lat' dir='ltr'>uenim</span> <span class='ocrx_word' id='word_1_94' title='bbox 217 1512 343 1594; x_wconf 87' lang='lat' dir='ltr'>patriae</span> <span class='ocrx_word' id='word_1_95' title='bbox 376 1534 442 1576; x_wconf 90' lang='lat' dir='ltr'>non</span> <span class='ocrx_word' id='word_1_96' title='bbox 474 1512 581 1577; x_wconf 90' lang='lat' dir='ltr'>minus</span> <span class='ocrx_word' id='word_1_97' title='bbox 614 1516 717 1596; x_wconf 91' lang='lat' dir='ltr'>certe,</span> <span class='ocrx_word' id='word_1_98' title='bbox 755 1535 851 1596; x_wconf 88' lang='lat' dir='ltr'>quam</span> <span class='ocrx_word' id='word_1_99' title='bbox 888 1511 1074 1596; x_wconf 90' lang='lat' dir='ltr'>debuimus,</span> <span class='ocrx_word' id='word_1_100' title='bbox 1110 1513 1185 1597; x_wconf 90' lang='lat' dir='ltr'>plus</span> <span class='ocrx_word' id='word_1_101' title='bbox 1217 1514 1375 1597; x_wconf 84' lang='lat' dir='ltr'>profecto,</span> 
     </span>
     <span class='ocr_line' id='line_1_12' title="bbox 93 1619 1374 1704; baseline 0.003 -23"><span class='ocrx_word' id='word_1_102' title='bbox 93 1640 193 1701; x_wconf 87' lang='lat' dir='ltr'>quam</span> <span class='ocrx_word' id='word_1_103' title='bbox 225 1623 276 1683; x_wconf 92' lang='lat' dir='ltr'>est</span> <span class='ocrx_word' id='word_1_104' title='bbox 308 1619 350 1683; x_wconf 91' lang='lat' dir='ltr'>ab</span> <span class='ocrx_word' id='word_1_105' title='bbox 383 1619 492 1685; x_wconf 89' lang='lat' dir='ltr'>animo</span> <span class='ocrx_word' id='word_1_106' title='bbox 521 1619 710 1704; x_wconf 89' lang='lat' dir='ltr'>cuiusquam</span> <span class='ocrx_word' id='word_1_107' title='bbox 739 1624 796 1684; x_wconf 90' lang='lat' dir='ltr'>aut</span> <span class='ocrx_word' id='word_1_108' title='bbox 824 1619 961 1685; x_wconf 91' lang='lat' dir='ltr'>consilio</span> <span class='ocrx_word' id='word_1_109' title='bbox 991 1619 1133 1684; x_wconf 91' lang='lat' dir='ltr'>hominis</span> <span class='ocrx_word' id='word_1_110' title='bbox 1161 1621 1374 1703; x_wconf 87' lang='lat' dir='ltr'>postulatum.</span> 
     </span>
     <span class='ocr_line' id='line_1_13' title="bbox 93 1721 1409 1811; baseline 0.002 -24"><span class='ocrx_word' id='word_1_111' title='bbox 93 1724 245 1808; x_wconf 86' lang='lat' dir='ltr'>ignosces</span> <span class='ocrx_word' id='word_1_112' title='bbox 277 1725 357 1790; x_wconf 89' lang='lat' dir='ltr'>mihi</span> <span class='ocrx_word' id='word_1_113' title='bbox 391 1726 429 1790; x_wconf 92' lang='lat' dir='ltr'>de</span> <span class='ocrx_word' id='word_1_114' title='bbox 462 1748 513 1790; x_wconf 90' lang='lat' dir='ltr'>me</span> <span class='ocrx_word' id='word_1_115' title='bbox 546 1721 617 1811; x_wconf 80' lang='lat' dir='ltr'>ipso</span> <span class='ocrx_word' id='word_1_116' title='bbox 648 1727 769 1810; x_wconf 88' lang='lat' dir='ltr'>aliquid</span> <span class='ocrx_word' id='word_1_117' title='bbox 802 1725 1016 1810; x_wconf 81' lang='lat' dir='ltr'>praedicanti3</span> <span class='ocrx_word' id='word_1_118' title='bbox 1051 1748 1187 1810; x_wconf 89' lang='lat' dir='ltr'>quarum</span> <span class='ocrx_word' id='word_1_119' title='bbox 1220 1727 1306 1791; x_wconf 92' lang='lat' dir='ltr'>enim</span> <span class='ocrx_word' id='word_1_120' title='bbox 1338 1732 1409 1791; x_wconf 83' lang='lat' dir='ltr'>tuo</span> 
     </span>
     <span class='ocr_line' id='line_1_14' title="bbox 91 1833 1374 1920; baseline 0.002 -26"><span class='ocrx_word' id='word_1_121' title='bbox 91 1854 203 1895; x_wconf 90' lang='lat' dir='ltr'>rerum</span> <span class='ocrx_word' id='word_1_122' title='bbox 239 1833 437 1917; x_wconf 81' lang='lat' dir='ltr'>cogitatione</span> <span class='ocrx_word' id='word_1_123' title='bbox 469 1855 529 1898; x_wconf 92' lang='lat' dir='ltr'>nos</span> <span class='ocrx_word' id='word_1_124' title='bbox 561 1833 669 1898; x_wconf 90' lang='lat' dir='ltr'>levare</span> <span class='ocrx_word' id='word_1_125' title='bbox 707 1834 909 1920; x_wconf 85' lang='lat' dir='ltr'>aegritudine</span> <span class='ocrx_word' id='word_1_126' title='bbox 944 1833 1077 1898; x_wconf 85' lang='lat' dir='ltr'>voluisti</span> <span class='ocrx_word' id='word_1_127' title='bbox 1085 1885 1094 1917; x_wconf 95' lang='lat'>,</span> <span class='ocrx_word' id='word_1_128' title='bbox 1131 1855 1243 1898; x_wconf 89' lang='lat' dir='ltr'>earum</span> <span class='ocrx_word' id='word_1_129' title='bbox 1275 1834 1374 1897; x_wconf 87' lang='lat' dir='ltr'>etiam</span> 
     </span>
     <span class='ocr_line' id='line_1_15' title="bbox 90 1940 1375 2025; baseline 0.001 -23"><span class='ocrx_word' id='word_1_130' title='bbox 90 1940 406 2004; x_wconf 88' lang='lat' dir='ltr'>commemoratione</span> <span class='ocrx_word' id='word_1_131' title='bbox 442 1940 589 2005; x_wconf 89' lang='lat' dir='ltr'>lenimur.</span> <span class='ocrx_word' id='word_1_132' title='bbox 649 1940 778 2025; x_wconf 87' lang='lat' dir='ltr'>itaque,</span> <span class='ocrx_word' id='word_1_133' title='bbox 813 1945 851 2005; x_wconf 91' lang='lat' dir='ltr'>ut</span> <span class='ocrx_word' id='word_1_134' title='bbox 888 1962 1019 2025; x_wconf 89' lang='lat' dir='ltr'>mones,</span> <span class='ocrx_word' id='word_1_135' title='bbox 1056 1945 1214 2024; x_wconf 90' lang='lat' dir='ltr'>quantum</span> <span class='ocrx_word' id='word_1_136' title='bbox 1250 1946 1375 2024; x_wconf 91' lang='lat' dir='ltr'>potero,</span> 
     </span>
     <span class='ocr_line' id='line_1_16' title="bbox 30 2046 1374 2132; baseline 0.001 -23"><span class='ocrx_word' id='word_1_137' title='bbox 30 2059 64 2099; x_wconf 85' lang='lat'>¹⁵</span> <span class='ocrx_word' id='word_1_138' title='bbox 87 2067 143 2110; x_wconf 91' lang='lat' dir='ltr'>me</span> <span class='ocrx_word' id='word_1_139' title='bbox 182 2046 224 2109; x_wconf 87' lang='lat' dir='ltr'>ab</span> <span class='ocrx_word' id='word_1_140' title='bbox 263 2046 413 2110; x_wconf 89' lang='lat' dir='ltr'>omnibus</span> <span class='ocrx_word' id='word_1_141' title='bbox 452 2047 613 2111; x_wconf 90' lang='lat' dir='ltr'>molestiis</span> <span class='ocrx_word' id='word_1_142' title='bbox 646 2052 680 2111; x_wconf 92' lang='lat' dir='ltr'>et</span> <span class='ocrx_word' id='word_1_143' title='bbox 712 2047 889 2132; x_wconf 83' lang='lat' dir='ltr'>angoribus</span> <span class='ocrx_word' id='word_1_144' title='bbox 925 2049 1080 2112; x_wconf 87' lang='lat' dir='ltr'>abducam</span> <span class='ocrx_word' id='word_1_145' title='bbox 1116 2048 1374 2131; x_wconf 85' lang='lat' dir='ltr'>transferamque</span> 
     </span>
     <span class='ocr_line' id='line_1_17' title="bbox 80 2152 1375 2239; baseline 0 -23"><span class='ocrx_word' id='word_1_146' title='bbox 80 2153 240 2216; x_wconf 82' lang='lat' dir='ltr'>animum</span> <span class='ocrx_word' id='word_1_147' title='bbox 268 2152 308 2217; x_wconf 91' lang='lat' dir='ltr'>ad</span> <span class='ocrx_word' id='word_1_148' title='bbox 332 2175 381 2238; x_wconf 92' lang='lat' dir='ltr'>ea,</span> <span class='ocrx_word' id='word_1_149' title='bbox 414 2152 533 2238; x_wconf 90' lang='lat' dir='ltr'>quibus</span> <span class='ocrx_word' id='word_1_150' title='bbox 557 2155 715 2218; x_wconf 86' lang='lat' dir='ltr'>secundae</span> <span class='ocrx_word' id='word_1_151' title='bbox 740 2178 790 2219; x_wconf 90' lang='lat' dir='ltr'>res</span> <span class='ocrx_word' id='word_1_152' title='bbox 815 2160 987 2239; x_wconf 90' lang='lat' dir='ltr'>ornantur,</span> <span class='ocrx_word' id='word_1_153' title='bbox 1017 2155 1169 2220; x_wconf 88' lang='lat' dir='ltr'>adversae</span> <span class='ocrx_word' id='word_1_154' title='bbox 1193 2155 1375 2238; x_wconf 88' lang='lat' dir='ltr'>adiuautur,</span> 
     </span>
     <span class='ocr_line' id='line_1_18' title="bbox 73 2262 1375 2347; baseline 0.001 -25"><span class='ocrx_word' id='word_1_155' title='bbox 73 2262 266 2342; x_wconf 79' lang='lat' dir='ltr'>tecumque</span> <span class='ocrx_word' id='word_1_156' title='bbox 299 2264 332 2324; x_wconf 93' lang='lat' dir='ltr'>et</span> <span class='ocrx_word' id='word_1_157' title='bbox 364 2283 419 2325; x_wconf 90' lang='lat' dir='ltr'>ero</span> <span class='ocrx_word' id='word_1_158' title='bbox 452 2264 598 2347; x_wconf 90' lang='lat' dir='ltr'>tantum,</span> <span class='ocrx_word' id='word_1_159' title='bbox 640 2266 797 2345; x_wconf 91' lang='lat' dir='ltr'>quantum</span> <span class='ocrx_word' id='word_1_160' title='bbox 829 2263 973 2346; x_wconf 90' lang='lat' dir='ltr'>patietur</span> <span class='ocrx_word' id='word_1_161' title='bbox 1005 2262 1174 2345; x_wconf 89' lang='lat' dir='ltr'>utriusque</span> <span class='ocrx_word' id='word_1_162' title='bbox 1213 2267 1303 2325; x_wconf 88' lang='lat' dir='ltr'>aetas</span> <span class='ocrx_word' id='word_1_163' title='bbox 1341 2264 1375 2323; x_wconf 92' lang='lat' dir='ltr'>et</span> 
     </span>
     <span class='ocr_line' id='line_1_19' title="bbox 72 2364 1375 2453; baseline 0.001 -24"><span class='ocrx_word' id='word_1_164' title='bbox 72 2364 261 2447; x_wconf 81' lang='lat' dir='ltr'>valetudo,</span> <span class='ocrx_word' id='word_1_165' title='bbox 292 2370 339 2450; x_wconf 89' lang='lat' dir='ltr'>et,</span> <span class='ocrx_word' id='word_1_166' title='bbox 372 2367 399 2430; x_wconf 91' lang='lat' dir='ltr'>si</span> <span class='ocrx_word' id='word_1_167' title='bbox 427 2389 498 2431; x_wconf 88' lang='lat' dir='ltr'>esse</span> <span class='ocrx_word' id='word_1_168' title='bbox 531 2389 596 2430; x_wconf 91' lang='lat' dir='ltr'>una</span> <span class='ocrx_word' id='word_1_169' title='bbox 626 2366 732 2431; x_wconf 90' lang='lat' dir='ltr'>minus</span> <span class='ocrx_word' id='word_1_170' title='bbox 763 2369 956 2453; x_wconf 88' lang='lat' dir='ltr'>poterimus,</span> <span class='ocrx_word' id='word_1_171' title='bbox 989 2390 1086 2452; x_wconf 87' lang='lat' dir='ltr'>quarn</span> <span class='ocrx_word' id='word_1_172' title='bbox 1116 2368 1276 2451; x_wconf 79' lang='lat' dir='ltr'>volemus,</span> <span class='ocrx_word' id='word_1_173' title='bbox 1309 2367 1375 2431; x_wconf 92' lang='lat' dir='ltr'>ani-</span> 
     </span>
     <span class='ocr_line' id='line_1_20' title="bbox 62 2474 1374 2559; baseline 0.002 -24"><span class='ocrx_word' id='word_1_174' title='bbox 62 2491 222 2536; x_wconf 76' lang='lat' dir='ltr'>tnorum</span> <span class='ocrx_word' id='word_1_175' title='bbox 246 2476 356 2536; x_wconf 89' lang='lat' dir='ltr'>tamen</span> <span class='ocrx_word' id='word_1_176' title='bbox 380 2474 607 2538; x_wconf 89' lang='lat' dir='ltr'>coniunctione</span> <span class='ocrx_word' id='word_1_177' title='bbox 627 2474 813 2559; x_wconf 89' lang='lat' dir='ltr'>eisdemque</span> <span class='ocrx_word' id='word_1_178' title='bbox 837 2476 955 2539; x_wconf 90' lang='lat' dir='ltr'>studiis</span> <span class='ocrx_word' id='word_1_179' title='bbox 978 2475 1027 2538; x_wconf 89' lang='lat' dir='ltr'>ita</span> <span class='ocrx_word' id='word_1_180' title='bbox 1049 2475 1203 2557; x_wconf 86' lang='lat' dir='ltr'>fruemur,</span> <span class='ocrx_word' id='word_1_181' title='bbox 1226 2480 1263 2537; x_wconf 88' lang='lat' dir='ltr'>ut</span> <span class='ocrx_word' id='word_1_182' title='bbox 1285 2497 1374 2537; x_wconf 88' lang='lat' dir='ltr'>mun-</span> 
     </span>
     <span class='ocr_line' id='line_1_21' title="bbox 10 2580 664 2663; baseline 0.005 -21"><span class='ocrx_word' id='word_1_183' title='bbox 10 2597 15 2615; x_wconf 70' lang='lat'><em>*</em></span> <span class='ocrx_word' id='word_1_184' title='bbox 61 2600 194 2663; x_wconf 79' lang='lat' dir='ltr'>quam</span> <span class='ocrx_word' id='word_1_185' title='bbox 218 2602 284 2643; x_wconf 92' lang='lat' dir='ltr'>non</span> <span class='ocrx_word' id='word_1_186' title='bbox 307 2603 372 2645; x_wconf 91' lang='lat' dir='ltr'>una</span> <span class='ocrx_word' id='word_1_187' title='bbox 395 2602 466 2645; x_wconf 90' lang='lat' dir='ltr'>esse</span> <span class='ocrx_word' id='word_1_188' title='bbox 490 2580 664 2645; x_wconf 82' lang='lat' dir='ltr'>videamur.</span> 
     </span>
    </p>
   </div>
   <div class='ocr_carea' id='block_1_3' title="bbox 288 2756 1184 2977">
    <p class='ocr_par' dir='ltr' id='par_1_3' title="bbox 288 2756 1184 2977">
     <span class='ocr_line' id='line_1_22' title="bbox 619 2756 1167 2845; baseline 0.016 -22"><span class='ocrx_word' id='word_1_189' title='bbox 619 2757 707 2824; x_wconf 78' lang='lat' dir='ltr'>mu.</span> <span class='ocrx_word' id='word_1_190' title='bbox 743 2756 849 2845; x_wconf 78' lang='lat'>(294.)</span> <span class='ocrx_word' id='word_1_191' title='bbox 1162 2825 1167 2832; x_wconf 87' lang='lat'><em>.</em></span> 
     </span>
     <span class='ocr_line' id='line_1_23' title="bbox 288 2899 1184 2977; baseline 0.004 -13"><span class='ocrx_word' id='word_1_192' title='bbox 288 2900 325 2965; x_wconf 80' lang='lat' dir='ltr'>n.</span> <span class='ocrx_word' id='word_1_193' title='bbox 348 2899 567 2968; x_wconf 81' lang='lat' dir='ltr'>nvoomvs</span> <span class='ocrx_word' id='word_1_194' title='bbox 592 2901 628 2977; x_wconf 89' lang='lat' dir='ltr'>o.</span> <span class='ocrx_word' id='word_1_195' title='bbox 652 2902 688 2966; x_wconf 83' lang='lat' dir='ltr'>u</span> <span class='ocrx_word' id='word_1_196' title='bbox 712 2899 743 2966; x_wconf 89' lang='lat' dir='ltr'>s.</span> <span class='ocrx_word' id='word_1_197' title='bbox 767 2901 805 2966; x_wconf 86' lang='lat' dir='ltr'>u.</span> <span class='ocrx_word' id='word_1_198' title='bbox 829 2900 871 2966; x_wconf 86' lang='lat' dir='ltr'>u.</span> <span class='ocrx_word' id='word_1_199' title='bbox 895 2902 1057 2968; x_wconf 77' lang='lat' dir='ltr'>nuncio</span> <span class='ocrx_word' id='word_1_200' title='bbox 1083 2903 1124 2967; x_wconf 88' lang='lat' dir='ltr'>u.</span> <span class='ocrx_word' id='word_1_201' title='bbox 1149 2902 1184 2968; x_wconf 82' lang='lat' dir='ltr'>u</span> 
     </span>
    </p>
   </div>
   <div class='ocr_carea' id='block_1_4' title="bbox 35 3042 1408 3877">
    <p class='ocr_par' dir='ltr' id='par_1_4' title="bbox 35 3042 1408 3877">
     <span class='ocr_line' id='line_1_24' title="bbox 183 3042 1408 3131; baseline 0.001 -23"><span class='ocrx_word' id='word_1_202' title='bbox 183 3042 217 3108; x_wconf 89' lang='lat' dir='ltr'>S.</span> <span class='ocrx_word' id='word_1_203' title='bbox 236 3067 263 3108; x_wconf 86' lang='lat' dir='ltr'>v.</span> <span class='ocrx_word' id='word_1_204' title='bbox 284 3044 315 3109; x_wconf 90' lang='lat' dir='ltr'>b.</span> <span class='ocrx_word' id='word_1_205' title='bbox 334 3065 359 3107; x_wconf 89' lang='lat' dir='ltr'>e.</span> <span class='ocrx_word' id='word_1_206' title='bbox 379 3067 417 3126; x_wconf 80' lang='lat' dir='ltr'>a,</span> <span class='ocrx_word' id='word_1_207' title='bbox 440 3045 526 3109; x_wconf 91' lang='lat' dir='ltr'>sicut</span> <span class='ocrx_word' id='word_1_208' title='bbox 549 3046 652 3127; x_wconf 87' lang='lat' dir='ltr'>soleo,</span> <span class='ocrx_word' id='word_1_209' title='bbox 678 3044 812 3128; x_wconf 91' lang='lat' dir='ltr'>paululo</span> <span class='ocrx_word' id='word_1_210' title='bbox 836 3049 946 3110; x_wconf 89' lang='lat' dir='ltr'>tamen</span> <span class='ocrx_word' id='word_1_211' title='bbox 968 3047 1069 3111; x_wconf 90' lang='lat' dir='ltr'>etiam</span> <span class='ocrx_word' id='word_1_212' title='bbox 1092 3047 1249 3129; x_wconf 90' lang='lat' dir='ltr'>deterius,</span> <span class='ocrx_word' id='word_1_213' title='bbox 1276 3062 1408 3131; x_wconf 89' lang='lat' dir='ltr'>quam1</span> 
     </span>
     <span class='ocr_line' id='line_1_25' title="bbox 38 3151 1374 3237; baseline 0 -21"><span class='ocrx_word' id='word_1_214' title='bbox 38 3153 193 3218; x_wconf 66' lang='lat' dir='ltr'>soleo.</span> <span class='ocrx_word' id='word_1_215' title='bbox 235 3154 267 3215; x_wconf 92' lang='lat' dir='ltr'>te</span> <span class='ocrx_word' id='word_1_216' title='bbox 296 3151 451 3234; x_wconf 88' lang='lat' dir='ltr'>requisivi</span> <span class='ocrx_word' id='word_1_217' title='bbox 483 3152 625 3236; x_wconf 88' lang='lat' dir='ltr'>saepius,</span> <span class='ocrx_word' id='word_1_218' title='bbox 657 3156 695 3215; x_wconf 91' lang='lat' dir='ltr'>ut</span> <span class='ocrx_word' id='word_1_219' title='bbox 723 3152 877 3218; x_wconf 85' lang='lat' dir='ltr'>viderem:</span> <span class='ocrx_word' id='word_1_220' title='bbox 909 3153 1033 3218; x_wconf 84' lang='lat' dir='ltr'>Itomae</span> <span class='ocrx_word' id='word_1_221' title='bbox 1064 3153 1140 3237; x_wconf 92' lang='lat' dir='ltr'>quia</span> <span class='ocrx_word' id='word_1_222' title='bbox 1167 3157 1282 3237; x_wconf 87' lang='lat' dir='ltr'>postea</span> <span class='ocrx_word' id='word_1_223' title='bbox 1309 3176 1374 3217; x_wconf 91' lang='lat' dir='ltr'>non</span> 
     </span>
     <span class='ocr_line' id='line_1_26' title="bbox 38 3257 1374 3343; baseline 0.002 -24"><span class='ocrx_word' id='word_1_224' title='bbox 38 3257 202 3341; x_wconf 83' lang='lat' dir='ltr'>fuisti,</span> <span class='ocrx_word' id='word_1_225' title='bbox 235 3279 334 3341; x_wconf 84' lang='lat' dir='ltr'>quarn</span> <span class='ocrx_word' id='word_1_226' title='bbox 366 3258 591 3341; x_wconf 85' lang='lat' dir='ltr'>discesseram,</span> <span class='ocrx_word' id='word_1_227' title='bbox 625 3259 762 3323; x_wconf 85' lang='lat' dir='ltr'>miratus</span> <span class='ocrx_word' id='word_1_228' title='bbox 796 3282 884 3342; x_wconf 82' lang='lat' dir='ltr'>sum3</span> <span class='ocrx_word' id='word_1_229' title='bbox 918 3261 1004 3343; x_wconf 91' lang='lat' dir='ltr'>qnod</span> <span class='ocrx_word' id='word_1_230' title='bbox 1036 3260 1116 3324; x_wconf 93' lang='lat' dir='ltr'>item</span> <span class='ocrx_word' id='word_1_231' title='bbox 1146 3283 1232 3324; x_wconf 92' lang='lat' dir='ltr'>nunc</span> <span class='ocrx_word' id='word_1_232' title='bbox 1264 3261 1374 3324; x_wconf 91' lang='lat' dir='ltr'>miror.</span> 
     </span>
     <span class='ocr_line' id='line_1_27' title="bbox 35 3363 1372 3449; baseline -0.001 -19"><span class='ocrx_word' id='word_1_233' title='bbox 35 3383 155 3430; x_wconf 80' lang='lat' dir='ltr'>non</span> <span class='ocrx_word' id='word_1_234' title='bbox 180 3363 288 3427; x_wconf 89' lang='lat' dir='ltr'>habeo</span> <span class='ocrx_word' id='word_1_235' title='bbox 312 3368 447 3449; x_wconf 91' lang='lat' dir='ltr'>certum,</span> <span class='ocrx_word' id='word_1_236' title='bbox 470 3387 552 3448; x_wconf 89' lang='lat' dir='ltr'>quae</span> <span class='ocrx_word' id='word_1_237' title='bbox 576 3371 608 3429; x_wconf 90' lang='lat' dir='ltr'>te</span> <span class='ocrx_word' id='word_1_238' title='bbox 632 3387 683 3429; x_wconf 89' lang='lat' dir='ltr'>res</span> <span class='ocrx_word' id='word_1_239' title='bbox 706 3365 783 3430; x_wconf 92' lang='lat' dir='ltr'>hinc</span> <span class='ocrx_word' id='word_1_240' title='bbox 802 3365 942 3430; x_wconf 83' lang='lat' dir='ltr'>maxime</span> <span class='ocrx_word' id='word_1_241' title='bbox 961 3367 1121 3430; x_wconf 90' lang='lat' dir='ltr'>retrahat:</span> <span class='ocrx_word' id='word_1_242' title='bbox 1146 3367 1173 3429; x_wconf 91' lang='lat' dir='ltr'>si</span> <span class='ocrx_word' id='word_1_243' title='bbox 1198 3365 1372 3429; x_wconf 89' lang='lat' dir='ltr'>solitudine</span> 
     </span>
     <span class='ocr_line' id='line_1_28' title="bbox 38 3471 1373 3558; baseline -0.001 -22"><span class='ocrx_word' id='word_1_244' title='bbox 38 3472 269 3554; x_wconf 83' lang='lat' dir='ltr'>delectare,</span> <span class='ocrx_word' id='word_1_245' title='bbox 299 3493 373 3535; x_wconf 90' lang='lat' dir='ltr'>cum</span> <span class='ocrx_word' id='word_1_246' title='bbox 401 3471 526 3536; x_wconf 88' lang='lat' dir='ltr'>scribas</span> <span class='ocrx_word' id='word_1_247' title='bbox 555 3475 588 3535; x_wconf 91' lang='lat' dir='ltr'>et</span> <span class='ocrx_word' id='word_1_248' title='bbox 616 3471 739 3556; x_wconf 89' lang='lat' dir='ltr'>aliquid</span> <span class='ocrx_word' id='word_1_249' title='bbox 768 3494 847 3558; x_wconf 84' lang='lat' dir='ltr'>agas</span> <span class='ocrx_word' id='word_1_250' title='bbox 876 3495 1001 3556; x_wconf 89' lang='lat' dir='ltr'>eorum,</span> <span class='ocrx_word' id='word_1_251' title='bbox 1033 3494 1171 3558; x_wconf 66' lang='lat' dir='ltr'>Qorurn</span> <span class='ocrx_word' id='word_1_252' title='bbox 1199 3473 1373 3553; x_wconf 87' lang='lat' dir='ltr'>consuesti,</span> 
     </span>
     <span class='ocr_line' id='line_1_29' title="bbox 43 3577 1373 3668; baseline 0.001 -27"><span class='ocrx_word' id='word_1_253' title='bbox 43 3577 220 3668; x_wconf 83' lang='lat' dir='ltr'>gaudeo</span> <span class='ocrx_word' id='word_1_254' title='bbox 242 3598 347 3661; x_wconf 91' lang='lat' dir='ltr'>neque</span> <span class='ocrx_word' id='word_1_255' title='bbox 371 3577 529 3661; x_wconf 89' lang='lat' dir='ltr'>reprendo</span> <span class='ocrx_word' id='word_1_256' title='bbox 553 3582 646 3642; x_wconf 91' lang='lat' dir='ltr'>tuum</span> <span class='ocrx_word' id='word_1_257' title='bbox 665 3579 851 3664; x_wconf 73' lang='lat' dir='ltr'>consilium,</span> <span class='ocrx_word' id='word_1_258' title='bbox 874 3603 949 3643; x_wconf 91' lang='lat' dir='ltr'>nam</span> <span class='ocrx_word' id='word_1_259' title='bbox 974 3580 1056 3643; x_wconf 92' lang='lat' dir='ltr'>nihil</span> <span class='ocrx_word' id='word_1_260' title='bbox 1080 3580 1145 3643; x_wconf 89' lang='lat' dir='ltr'>isto</span> <span class='ocrx_word' id='word_1_261' title='bbox 1170 3583 1279 3663; x_wconf 90' lang='lat' dir='ltr'>potest</span> <span class='ocrx_word' id='word_1_262' title='bbox 1303 3601 1373 3643; x_wconf 86' lang='lat' dir='ltr'>esse</span> 
     </span>
     <span class='ocr_line' id='line_1_30' title="bbox 45 3683 1372 3769; baseline -0.004 -16"><span class='ocrx_word' id='word_1_263' title='bbox 45 3683 265 3753; x_wconf 84' lang='lat' dir='ltr'>iucundius</span> <span class='ocrx_word' id='word_1_264' title='bbox 289 3706 356 3749; x_wconf 93' lang='lat' dir='ltr'>non</span> <span class='ocrx_word' id='word_1_265' title='bbox 379 3684 475 3749; x_wconf 90' lang='lat' dir='ltr'>modo</span> <span class='ocrx_word' id='word_1_266' title='bbox 502 3684 629 3748; x_wconf 89' lang='lat' dir='ltr'>miseris</span> <span class='ocrx_word' id='word_1_267' title='bbox 648 3685 700 3749; x_wconf 94' lang='lat' dir='ltr'>his</span> <span class='ocrx_word' id='word_1_268' title='bbox 719 3686 923 3769; x_wconf 88' lang='lat' dir='ltr'>temporibus</span> <span class='ocrx_word' id='word_1_269' title='bbox 947 3691 979 3749; x_wconf 89' lang='lat' dir='ltr'>et</span> <span class='ocrx_word' id='word_1_270' title='bbox 1002 3686 1170 3769; x_wconf 89' lang='lat' dir='ltr'>luctuosis,</span> <span class='ocrx_word' id='word_1_271' title='bbox 1194 3686 1249 3749; x_wconf 88' lang='lat' dir='ltr'>sed</span> <span class='ocrx_word' id='word_1_272' title='bbox 1273 3686 1372 3749; x_wconf 88' lang='lat' dir='ltr'>etiam</span> 
     </span>
     <span class='ocr_line' id='line_1_31' title="bbox 50 3790 1373 3877; baseline -0.002 -19"><span class='ocrx_word' id='word_1_273' title='bbox 50 3790 282 3874; x_wconf 71' lang='lat' dir='ltr'>tranquillis</span> <span class='ocrx_word' id='word_1_274' title='bbox 313 3795 347 3855; x_wconf 89' lang='lat' dir='ltr'>et</span> <span class='ocrx_word' id='word_1_275' title='bbox 378 3791 518 3875; x_wconf 90' lang='lat' dir='ltr'>optatis,</span> <span class='ocrx_word' id='word_1_276' title='bbox 550 3791 743 3874; x_wconf 89' lang='lat' dir='ltr'>praesertim</span> <span class='ocrx_word' id='word_1_277' title='bbox 775 3792 824 3855; x_wconf 90' lang='lat' dir='ltr'>vel</span> <span class='ocrx_word' id='word_1_278' title='bbox 859 3793 967 3857; x_wconf 87' lang='lat' dir='ltr'>animo</span> <span class='ocrx_word' id='word_1_279' title='bbox 1000 3792 1179 3877; x_wconf 89' lang='lat' dir='ltr'>defetigato</span> <span class='ocrx_word' id='word_1_280' title='bbox 1212 3797 1285 3876; x_wconf 91' lang='lat' dir='ltr'>tuo,</span> <span class='ocrx_word' id='word_1_281' title='bbox 1318 3794 1373 3875; x_wconf 91' lang='lat' dir='ltr'>qui</span> 
     </span>
    </p>
   </div>
   <div class='ocr_carea' id='block_1_5' title="bbox 62 3916 132 3938">
    <p class='ocr_par' dir='ltr' id='par_1_5' title="bbox 62 3916 132 3938">
     <span class='ocr_line' id='line_1_32' title="bbox 62 3916 132 3938; baseline 0 0"><span class='ocrx_word' id='word_1_282' title='bbox 62 3916 132 3938; x_wconf 46' lang='lat' dir='ltr'>ff</span> 
     </span>
    </p>
   </div>
   <div class='ocr_carea' id='block_1_6' title="bbox 50 3963 1373 4763">
    <p class='ocr_par' dir='ltr' id='par_1_6' title="bbox 185 3963 1373 4056">
     <span class='ocr_line' id='line_1_33' title="bbox 185 3963 1373 4052; baseline 0.003 -17"><span class='ocrx_word' id='word_1_283' title='bbox 185 3988 207 4036; x_wconf 91' lang='lat'>1.</span> <span class='ocrx_word' id='word_1_284' title='bbox 226 3981 368 4052; x_wconf 85' lang='lat' dir='ltr'>repperies</span> <span class='ocrx_word' id='word_1_285' title='bbox 388 3984 423 4036; x_wconf 90' lang='lat' dir='ltr'><em>M</em></span> <span class='ocrx_word' id='word_1_286' title='bbox 438 3986 447 4052; x_wconf 94' lang='grc'>11</span> <span class='ocrx_word' id='word_1_287' title='bbox 466 3983 682 4037; x_wconf 86' lang='lat' dir='ltr'>debilitatumue</span> <span class='ocrx_word' id='word_1_288' title='bbox 702 3986 748 4052; x_wconf 81' lang='lat' dir='ltr'>M,</span> <span class='ocrx_word' id='word_1_289' title='bbox 773 3983 989 4046; x_wconf 86' lang='lat' dir='ltr'>debilitatumne</span> <span class='ocrx_word' id='word_1_290' title='bbox 1008 3985 1048 4052; x_wconf 81' lang='lat' dir='ltr'>R,</span> <span class='ocrx_word' id='word_1_291' title='bbox 1069 3963 1302 4052; x_wconf 83' lang='lat' dir='ltr'>debilitatumque</span> <span class='ocrx_word' id='word_1_292' title='bbox 1324 3987 1349 4038; x_wconf 84' lang='lat' dir='ltr'><em>G</em></span> <span class='ocrx_word' id='word_1_293' title='bbox 1364 3986 1373 4031; x_wconf 99' lang='lat' dir='ltr'>T</span> 
     </span>
    </p>

    <p class='ocr_par' dir='ltr' id='par_1_7' title="bbox 50 4053 1373 4763">
     <span class='ocr_line' id='line_1_34' title="bbox 57 4053 1371 4128; baseline 0.005 -25"><span class='ocrx_word' id='word_1_294' title='bbox 57 4072 112 4120; x_wconf 69' lang='lat' dir='ltr'>r,</span> <span class='ocrx_word' id='word_1_295' title='bbox 145 4053 223 4118; x_wconf 86' lang='lat' dir='ltr'>paulo</span> <span class='ocrx_word' id='word_1_296' title='bbox 244 4056 299 4109; x_wconf 78' lang='lat' dir='ltr'>GR</span> <span class='ocrx_word' id='word_1_297' title='bbox 322 4058 331 4123; x_wconf 95' lang='grc'>11</span> <span class='ocrx_word' id='word_1_298' title='bbox 356 4059 378 4107; x_wconf 80' lang='grc'>7.</span> <span class='ocrx_word' id='word_1_299' title='bbox 399 4054 540 4126; x_wconf 89' lang='lat' dir='ltr'>omnibus]</span> <span class='ocrx_word' id='word_1_300' title='bbox 560 4055 636 4108; x_wconf 87' lang='lat' dir='ltr'>omni</span> <span class='ocrx_word' id='word_1_301' title='bbox 654 4057 695 4109; x_wconf 81' lang='lat' dir='ltr'>rel</span> <span class='ocrx_word' id='word_1_302' title='bbox 713 4056 837 4108; x_wconf 91' lang='lat' dir='ltr'>omnium</span> <span class='ocrx_word' id='word_1_303' title='bbox 861 4059 901 4111; x_wconf 84' lang='lat' dir='ltr'>rel</span> <span class='ocrx_word' id='word_1_304' title='bbox 925 4055 1049 4110; x_wconf 91' lang='lat' dir='ltr'>omnium</span> <span class='ocrx_word' id='word_1_305' title='bbox 1069 4056 1202 4128; x_wconf 72' lang='lat' dir='ltr'>(rerum)</span> <span class='ocrx_word' id='word_1_306' title='bbox 1222 4059 1371 4126; x_wconf 64' lang='lat' dir='ltr'>corrigunt.</span> 
     </span>
     <span class='ocr_line' id='line_1_35' title="bbox 50 4125 1367 4211; baseline 0.005 -38"><span class='ocrx_word' id='word_1_307' title='bbox 50 4129 184 4211; x_wconf 67' lang='lat' dir='ltr'>placet</span> <span class='ocrx_word' id='word_1_308' title='bbox 206 4125 330 4178; x_wconf 90' lang='lat' dir='ltr'>omnium</span> <span class='ocrx_word' id='word_1_309' title='bbox 353 4128 363 4193; x_wconf 95' lang='grc'>11</span> <span class='ocrx_word' id='word_1_310' title='bbox 386 4133 409 4179; x_wconf 85' lang='grc'>9.</span> <span class='ocrx_word' id='word_1_311' title='bbox 434 4125 571 4195; x_wconf 89' lang='lat' dir='ltr'>imprimis</span> <span class='ocrx_word' id='word_1_312' title='bbox 594 4128 631 4179; x_wconf 88' lang='grc' dir='ltr'><em>Μ</em></span> <span class='ocrx_word' id='word_1_313' title='bbox 650 4130 659 4195; x_wconf 94' lang='grc'>11</span> <span class='ocrx_word' id='word_1_314' title='bbox 683 4133 724 4180; x_wconf 90' lang='lat'>10.</span> <span class='ocrx_word' id='word_1_315' title='bbox 749 4130 823 4180; x_wconf 87' lang='lat' dir='ltr'>certe</span> <span class='ocrx_word' id='word_1_316' title='bbox 849 4146 898 4181; x_wconf 85' lang='lat' dir='ltr'>om.</span> <span class='ocrx_word' id='word_1_317' title='bbox 924 4130 950 4182; x_wconf 81' lang='lat' dir='ltr'><em>G</em></span> <span class='ocrx_word' id='word_1_318' title='bbox 973 4131 982 4196; x_wconf 97' lang='grc'>11</span> <span class='ocrx_word' id='word_1_319' title='bbox 1006 4134 1047 4182; x_wconf 88' lang='grc'>11.</span> <span class='ocrx_word' id='word_1_320' title='bbox 1071 4127 1270 4195; x_wconf 85' lang='lat' dir='ltr'>postulandum</span> <span class='ocrx_word' id='word_1_321' title='bbox 1299 4129 1351 4180; x_wconf 85' lang='lat' dir='ltr'>alii</span> <span class='ocrx_word' id='word_1_322' title='bbox 1364 4162 1367 4197; x_wconf 65' lang='grc' dir='ltr'>Ι</span> 
     </span>
     <span class='ocr_line' id='line_1_36' title="bbox 63 4191 1372 4269; baseline 0.005 -24"><span class='ocrx_word' id='word_1_323' title='bbox 63 4215 87 4262; x_wconf 75' lang='lat'>1</span> <span class='ocrx_word' id='word_1_324' title='bbox 99 4203 142 4252; x_wconf 71' lang='lat'>2.</span> <span class='ocrx_word' id='word_1_325' title='bbox 152 4191 260 4263; x_wconf 81' lang='lat' dir='ltr'>aliquid</span> <span class='ocrx_word' id='word_1_326' title='bbox 279 4197 314 4250; x_wconf 89' lang='lat' dir='ltr'>de</span> <span class='ocrx_word' id='word_1_327' title='bbox 333 4212 377 4248; x_wconf 91' lang='lat' dir='ltr'>me</span> <span class='ocrx_word' id='word_1_328' title='bbox 393 4203 453 4265; x_wconf 77' lang='lat' dir='ltr'>(cru.</span> <span class='ocrx_word' id='word_1_329' title='bbox 470 4198 520 4266; x_wconf 72' lang='lat' dir='ltr'>Gl)</span> <span class='ocrx_word' id='word_1_330' title='bbox 538 4197 636 4265; x_wconf 84' lang='lat' dir='ltr'>ipsoG</span> <span class='ocrx_word' id='word_1_331' title='bbox 651 4201 660 4266; x_wconf 96' lang='grc'>11</span> <span class='ocrx_word' id='word_1_332' title='bbox 675 4198 748 4269; x_wconf 86' lang='lat' dir='ltr'>ipso]</span> <span class='ocrx_word' id='word_1_333' title='bbox 768 4198 823 4267; x_wconf 89' lang='lat' dir='ltr'>ipsi</span> <span class='ocrx_word' id='word_1_334' title='bbox 841 4199 998 4268; x_wconf 80' lang='lat' dir='ltr'>ll⁷eseabcr9</span> <span class='ocrx_word' id='word_1_335' title='bbox 1012 4202 1022 4266; x_wconf 94' lang='grc'>11</span> <span class='ocrx_word' id='word_1_336' title='bbox 1037 4204 1077 4252; x_wconf 89' lang='lat'>13.</span> <span class='ocrx_word' id='word_1_337' title='bbox 1093 4197 1180 4252; x_wconf 86' lang='lat' dir='ltr'>levari</span> <span class='ocrx_word' id='word_1_338' title='bbox 1194 4201 1246 4252; x_wconf 75' lang='lat' dir='ltr'>alii</span> <span class='ocrx_word' id='word_1_339' title='bbox 1260 4201 1268 4266; x_wconf 93' lang='grc'>11</span> <span class='ocrx_word' id='word_1_340' title='bbox 1283 4197 1372 4267; x_wconf 87' lang='lat' dir='ltr'>aegri-</span> 
     </span>
     <span class='ocr_line' id='line_1_37' title="bbox 56 4261 1372 4339; baseline 0.003 -24"><span class='ocrx_word' id='word_1_341' title='bbox 56 4261 195 4330; x_wconf 65' lang='lat' dir='ltr'>ffldine</span> <span class='ocrx_word' id='word_1_342' title='bbox 215 4274 367 4337; x_wconf 75' lang='lat' dir='ltr'>suspectam</span> <span class='ocrx_word' id='word_1_343' title='bbox 387 4269 515 4322; x_wconf 74' lang='lat' dir='ltr'>Ermatio</span> <span class='ocrx_word' id='word_1_344' title='bbox 547 4272 556 4336; x_wconf 92' lang='grc'>11</span> <span class='ocrx_word' id='word_1_345' title='bbox 584 4276 646 4337; x_wconf 80' lang='lat' dir='ltr'>post</span> <span class='ocrx_word' id='word_1_346' title='bbox 679 4285 776 4322; x_wconf 90' lang='lat' dir='ltr'>earum</span> <span class='ocrx_word' id='word_1_347' title='bbox 803 4272 834 4323; x_wconf 81' lang='lat' dir='ltr'>iu</span> <span class='ocrx_word' id='word_1_348' title='bbox 853 4271 889 4323; x_wconf 83' lang='lat' dir='ltr'><strong><em>M</em></strong></span> <span class='ocrx_word' id='word_1_349' title='bbox 905 4286 950 4339; x_wconf 83' lang='lat' dir='ltr'>ea,</span> <span class='ocrx_word' id='word_1_350' title='bbox 978 4278 1010 4323; x_wconf 80' lang='lat' dir='ltr'>al</span> <span class='ocrx_word' id='word_1_351' title='bbox 1037 4272 1100 4336; x_wconf 78' lang='lat' dir='ltr'>rid,</span> <span class='ocrx_word' id='word_1_352' title='bbox 1124 4289 1191 4324; x_wconf 80' lang='lat' dir='ltr'>eras.</span> <span class='ocrx_word' id='word_1_353' title='bbox 1224 4273 1233 4337; x_wconf 94' lang='grc'>11</span> <span class='ocrx_word' id='word_1_354' title='bbox 1268 4276 1308 4322; x_wconf 74' lang='lat'>15.</span> <span class='ocrx_word' id='word_1_355' title='bbox 1330 4287 1372 4320; x_wconf 77' lang='lat' dir='ltr'>me</span> 
     </span>
     <span class='ocr_line' id='line_1_38' title="bbox 63 4336 1373 4410; baseline -0.002 -16"><span class='ocrx_word' id='word_1_356' title='bbox 63 4336 165 4402; x_wconf 70' lang='lat' dir='ltr'>Ml),</span> <span class='ocrx_word' id='word_1_357' title='bbox 188 4353 227 4392; x_wconf 86' lang='lat' dir='ltr'>me</span> <span class='ocrx_word' id='word_1_358' title='bbox 245 4357 290 4393; x_wconf 88' lang='lat' dir='ltr'>me</span> <span class='ocrx_word' id='word_1_359' title='bbox 310 4339 338 4393; x_wconf 77' lang='lat' dir='ltr'><strong><em>R</em></strong></span> <span class='ocrx_word' id='word_1_360' title='bbox 360 4342 369 4408; x_wconf 96' lang='grc'>11</span> <span class='ocrx_word' id='word_1_361' title='bbox 390 4338 529 4393; x_wconf 84' lang='lat' dir='ltr'>adducam</span> <span class='ocrx_word' id='word_1_362' title='bbox 543 4342 569 4391; x_wconf 82' lang='lat' dir='ltr'>a</span> <span class='ocrx_word' id='word_1_363' title='bbox 591 4342 600 4408; x_wconf 94' lang='grc'>11</span> <span class='ocrx_word' id='word_1_364' title='bbox 624 4346 665 4393; x_wconf 83' lang='grc'>16.</span> <span class='ocrx_word' id='word_1_365' title='bbox 685 4343 792 4409; x_wconf 78' lang='lat' dir='ltr'>etpost</span> <span class='ocrx_word' id='word_1_366' title='bbox 810 4343 944 4393; x_wconf 88' lang='lat' dir='ltr'>ornantur</span> <span class='ocrx_word' id='word_1_367' title='bbox 962 4358 1021 4410; x_wconf 80' lang='lat' dir='ltr'>sup.</span> <span class='ocrx_word' id='word_1_368' title='bbox 1040 4358 1077 4394; x_wconf 82' lang='lat' dir='ltr'>os.</span> <span class='ocrx_word' id='word_1_369' title='bbox 1098 4341 1137 4395; x_wconf 86' lang='lat' dir='ltr'>R&#39;</span> <span class='ocrx_word' id='word_1_370' title='bbox 1165 4344 1174 4410; x_wconf 92' lang='grc'>11</span> <span class='ocrx_word' id='word_1_371' title='bbox 1202 4340 1373 4393; x_wconf 88' lang='lat' dir='ltr'>adiuuantur</span> 
     </span>
     <span class='ocr_line' id='line_1_39' title="bbox 64 4405 1373 4480; baseline -0.001 -14"><span class='ocrx_word' id='word_1_372' title='bbox 64 4405 150 4469; x_wconf 61' lang='lat' dir='ltr'>(ill</span> <span class='ocrx_word' id='word_1_373' title='bbox 171 4408 183 4473; x_wconf 88' lang='grc'>11</span> <span class='ocrx_word' id='word_1_374' title='bbox 202 4415 238 4465; x_wconf 83' lang='lat'>18.</span> <span class='ocrx_word' id='word_1_375' title='bbox 258 4427 320 4465; x_wconf 86' lang='lat' dir='ltr'>ease</span> <span class='ocrx_word' id='word_1_376' title='bbox 339 4409 488 4464; x_wconf 86' lang='lat' dir='ltr'>unanimus</span> <span class='ocrx_word' id='word_1_377' title='bbox 507 4412 544 4463; x_wconf 81' lang='lat' dir='ltr'><strong><em>M</em></strong></span> <span class='ocrx_word' id='word_1_378' title='bbox 558 4413 567 4479; x_wconf 94' lang='grc'>11</span> <span class='ocrx_word' id='word_1_379' title='bbox 585 4410 757 4479; x_wconf 88' lang='lat' dir='ltr'>potuerimus</span> <span class='ocrx_word' id='word_1_380' title='bbox 778 4412 803 4465; x_wconf 83' lang='lat' dir='ltr'><strong><em>G</em></strong></span> <span class='ocrx_word' id='word_1_381' title='bbox 821 4414 830 4479; x_wconf 94' lang='grc'>11</span> <span class='ocrx_word' id='word_1_382' title='bbox 852 4412 980 4465; x_wconf 89' lang='lat' dir='ltr'>uolumus</span> <span class='ocrx_word' id='word_1_383' title='bbox 999 4412 1027 4465; x_wconf 83' lang='lat' dir='ltr'>It</span> <span class='ocrx_word' id='word_1_384' title='bbox 1041 4415 1050 4480; x_wconf 96' lang='grc'>11</span> <span class='ocrx_word' id='word_1_385' title='bbox 1066 4418 1105 4464; x_wconf 81' lang='grc'>19.</span> <span class='ocrx_word' id='word_1_386' title='bbox 1125 4411 1282 4479; x_wconf 86' lang='lat' dir='ltr'>iisdemque</span> <span class='ocrx_word' id='word_1_387' title='bbox 1302 4412 1373 4477; x_wconf 80' lang='lat' dir='ltr'>MR,</span> 
     </span>
     <span class='ocr_line' id='line_1_40' title="bbox 66 4477 1373 4551; baseline -0.001 -14"><span class='ocrx_word' id='word_1_388' title='bbox 66 4477 204 4537; x_wconf 82' lang='lat' dir='ltr'>eisdem</span> <span class='ocrx_word' id='word_1_389' title='bbox 222 4483 256 4548; x_wconf 87' lang='lat' dir='ltr'>G,</span> <span class='ocrx_word' id='word_1_390' title='bbox 276 4500 289 4535; x_wconf 90' lang='lat' dir='ltr'>s</span> <span class='ocrx_word' id='word_1_391' title='bbox 308 4499 367 4551; x_wconf 81' lang='lat' dir='ltr'>sap.</span> <span class='ocrx_word' id='word_1_392' title='bbox 388 4499 424 4536; x_wconf 79' lang='lat' dir='ltr'>ra.</span> <span class='ocrx_word' id='word_1_393' title='bbox 444 4501 462 4536; x_wconf 89' lang='grc' dir='ltr'><em>α</em></span> <span class='ocrx_word' id='word_1_394' title='bbox 480 4501 514 4535; x_wconf 83' lang='lat' dir='ltr'>m.</span> <span class='ocrx_word' id='word_1_395' title='bbox 535 4489 547 4534; x_wconf 93' lang='lat'>1</span> <span class='ocrx_word' id='word_1_396' title='bbox 568 4486 577 4550; x_wconf 95' lang='grc'>11</span> <span class='ocrx_word' id='word_1_397' title='bbox 597 4487 638 4535; x_wconf 71' lang='lat'>22.</span> <span class='ocrx_word' id='word_1_398' title='bbox 658 4481 764 4536; x_wconf 90' lang='lat' dir='ltr'>luceius</span> <span class='ocrx_word' id='word_1_399' title='bbox 786 4483 840 4536; x_wconf 84' lang='lat' dir='ltr'>GR</span> <span class='ocrx_word' id='word_1_400' title='bbox 858 4486 867 4551; x_wconf 93' lang='grc'>11</span> <span class='ocrx_word' id='word_1_401' title='bbox 888 4488 930 4537; x_wconf 81' lang='lat'>23.</span> <span class='ocrx_word' id='word_1_402' title='bbox 950 4482 1064 4551; x_wconf 89' lang='lat' dir='ltr'>paululo</span> <span class='ocrx_word' id='word_1_403' title='bbox 1084 4484 1154 4549; x_wconf 82' lang='lat' dir='ltr'>MR,</span> <span class='ocrx_word' id='word_1_404' title='bbox 1174 4482 1321 4551; x_wconf 88' lang='lat' dir='ltr'>paululum</span> <span class='ocrx_word' id='word_1_405' title='bbox 1339 4501 1373 4536; x_wconf 76' lang='lat' dir='ltr'>ce</span> 
     </span>
     <span class='ocr_line' id='line_1_41' title="bbox 66 4545 1373 4622; baseline 0.003 -19"><span class='ocrx_word' id='word_1_406' title='bbox 66 4545 211 4622; x_wconf 81' lang='lat' dir='ltr'>paululo</span> <span class='ocrx_word' id='word_1_407' title='bbox 231 4553 279 4620; x_wconf 74' lang='lat'>6¹,</span> <span class='ocrx_word' id='word_1_408' title='bbox 298 4552 425 4622; x_wconf 90' lang='lat' dir='ltr'>paullulo</span> <span class='ocrx_word' id='word_1_409' title='bbox 445 4556 540 4621; x_wconf 75' lang='grc' dir='ltr'>ς1124,</span> <span class='ocrx_word' id='word_1_410' title='bbox 561 4552 686 4606; x_wconf 88' lang='lat' dir='ltr'>uiderem</span> <span class='ocrx_word' id='word_1_411' title='bbox 705 4553 746 4619; x_wconf 89' lang='lat' dir='ltr'>M,</span> <span class='ocrx_word' id='word_1_412' title='bbox 766 4553 827 4606; x_wconf 90' lang='lat' dir='ltr'>uidi</span> <span class='ocrx_word' id='word_1_413' title='bbox 846 4555 900 4607; x_wconf 77' lang='lat' dir='ltr'>GR</span> <span class='ocrx_word' id='word_1_414' title='bbox 919 4557 928 4622; x_wconf 93' lang='grc'>11</span> <span class='ocrx_word' id='word_1_415' title='bbox 949 4559 990 4607; x_wconf 74' lang='lat'>25.</span> <span class='ocrx_word' id='word_1_416' title='bbox 1011 4553 1194 4607; x_wconf 85' lang='lat' dir='ltr'>discesseram</span> <span class='ocrx_word' id='word_1_417' title='bbox 1215 4555 1282 4619; x_wconf 78' lang='lat' dir='ltr'>GR,</span> <span class='ocrx_word' id='word_1_418' title='bbox 1302 4556 1373 4622; x_wconf 82' lang='lat' dir='ltr'>quod</span> 
     </span>
     <span class='ocr_line' id='line_1_42' title="bbox 68 4622 1373 4742; baseline 0.008 -71"><span class='ocrx_word' id='word_1_419' title='bbox 68 4622 220 4742; x_wconf 54' lang='lat' dir='ltr'>quamvis</span> <span class='ocrx_word' id='word_1_420' title='bbox 242 4625 375 4707; x_wconf 63' lang='lat' dir='ltr'>dubitares</span> <span class='ocrx_word' id='word_1_421' title='bbox 397 4627 501 4708; x_wconf 78' lang='lat' dir='ltr'>recepi,</span> <span class='ocrx_word' id='word_1_422' title='bbox 525 4623 693 4705; x_wconf 80' lang='lat' dir='ltr'>discesserat</span> <span class='ocrx_word' id='word_1_423' title='bbox 710 4626 751 4677; x_wconf 89' lang='lat' dir='ltr'>M.</span> <span class='ocrx_word' id='word_1_424' title='bbox 781 4642 860 4715; x_wconf 76' lang='lat' dir='ltr'>arne</span> <span class='ocrx_word' id='word_1_425' title='bbox 880 4624 1048 4718; x_wconf 70' lang='lat' dir='ltr'>discesserat</span> <span class='ocrx_word' id='word_1_426' title='bbox 1066 4626 1115 4676; x_wconf 71' lang='lat' dir='ltr'>Mf</span> <span class='ocrx_word' id='word_1_427' title='bbox 1138 4624 1316 4710; x_wconf 76' lang='lat' dir='ltr'>(discesseras</span> <span class='ocrx_word' id='word_1_428' title='bbox 1336 4629 1373 4692; x_wconf 83' lang='grc' dir='ltr'>ς),</span> 
     </span>
     <span class='ocr_line' id='line_1_43' title="bbox 94 4695 1372 4763; baseline 0.006 -22"><span class='ocrx_word' id='word_1_429' title='bbox 94 4696 257 4746; x_wconf 66' lang='lat' dir='ltr'>acesceret</span> <span class='ocrx_word' id='word_1_430' title='bbox 275 4695 393 4763; x_wconf 73' lang='lat' dir='ltr'>(Tanau</span> <span class='ocrx_word' id='word_1_431' title='bbox 415 4696 513 4760; x_wconf 74' lang='lat' dir='ltr'>Orelli,</span> <span class='ocrx_word' id='word_1_432' title='bbox 533 4696 750 4748; x_wconf 78' lang='lat' dir='ltr'>discesseramus</span> <span class='ocrx_word' id='word_1_433' title='bbox 770 4696 902 4749; x_wconf 65' lang='lat' dir='ltr'>rStrerclrcr</span> <span class='ocrx_word' id='word_1_434' title='bbox 921 4701 929 4757; x_wconf 90' lang='grc'>1</span> <span class='ocrx_word' id='word_1_435' title='bbox 932 4714 961 4763; x_wconf 79' lang='lat' dir='ltr'>p.</span> <span class='ocrx_word' id='word_1_436' title='bbox 979 4702 1039 4761; x_wconf 71' lang='lat' dir='ltr'>lrl)</span> <span class='ocrx_word' id='word_1_437' title='bbox 1054 4699 1063 4762; x_wconf 91' lang='grc'>11</span> <span class='ocrx_word' id='word_1_438' title='bbox 1077 4696 1152 4763; x_wconf 89' lang='lat' dir='ltr'>quod</span> <span class='ocrx_word' id='word_1_439' title='bbox 1171 4696 1246 4748; x_wconf 89' lang='lat' dir='ltr'>rdem</span> <span class='ocrx_word' id='word_1_440' title='bbox 1266 4697 1372 4749; x_wconf 71' lang='lat' dir='ltr'>besen-</span> 
     </span>
    </p>
   </div>
   <div class='ocr_carea' id='block_1_7' title="bbox 73 4760 1373 4894">
    <p class='ocr_par' dir='ltr' id='par_1_8' title="bbox 73 4760 1373 4894">
     <span class='ocr_line' id='line_1_44' title="bbox 73 4760 1373 4894; baseline 0.004 -79"><span class='ocrx_word' id='word_1_441' title='bbox 73 4760 145 4812; x_wconf 65' lang='lat' dir='ltr'>hm</span> <span class='ocrx_word' id='word_1_442' title='bbox 177 4760 192 4816; x_wconf 90' lang='lat' dir='ltr'>ll</span> <span class='ocrx_word' id='word_1_443' title='bbox 222 4769 265 4818; x_wconf 77' lang='lat'>28.</span> <span class='ocrx_word' id='word_1_444' title='bbox 290 4766 463 4894; x_wconf 59' lang='lat' dir='ltr'>qureheudo</span> <span class='ocrx_word' id='word_1_445' title='bbox 488 4767 543 4821; x_wconf 76' lang='lat' dir='ltr'>Ga</span> <span class='ocrx_word' id='word_1_446' title='bbox 570 4769 579 4835; x_wconf 94' lang='grc'>11</span> <span class='ocrx_word' id='word_1_447' title='bbox 607 4773 649 4821; x_wconf 84' lang='grc'>30.</span> <span class='ocrx_word' id='word_1_448' title='bbox 676 4766 831 4835; x_wconf 84' lang='lat' dir='ltr'>defetigato</span> <span class='ocrx_word' id='word_1_449' title='bbox 855 4768 900 4834; x_wconf 82' lang='lat' dir='ltr'>M,</span> <span class='ocrx_word' id='word_1_450' title='bbox 930 4766 1086 4835; x_wconf 83' lang='lat' dir='ltr'>defatigato</span> <span class='ocrx_word' id='word_1_451' title='bbox 1110 4771 1154 4836; x_wconf 78' lang='lat' dir='ltr'>(er</span> <span class='ocrx_word' id='word_1_452' title='bbox 1177 4767 1314 4836; x_wconf 68' lang='lat' dir='ltr'>deflagito)</span> <span class='ocrx_word' id='word_1_453' title='bbox 1339 4769 1373 4837; x_wconf 85' lang='lat' dir='ltr'>G,</span> 
     </span>
    </p>
   </div>
   <div class='ocr_carea' id='block_1_8' title="bbox 1123 4928 1160 4981">
    <p class='ocr_par' dir='ltr' id='par_1_9' title="bbox 1123 4928 1160 4981">
     <span class='ocr_line' id='line_1_45' title="bbox 1123 4928 1160 4981; baseline 0 -24"><span class='ocrx_word' id='word_1_454' title='bbox 1123 4928 1160 4981; x_wconf 68' lang='grc'>81</span> 
     </span>
    </p>
   </div>
   <div class='ocr_carea' id='block_1_9' title="bbox 0 0 1658 5460">
    <p class='ocr_par' dir='ltr' id='par_1_10' title="bbox 0 0 1658 5460">
     <span class='ocr_line' id='line_1_46' title="bbox 0 0 1658 5460; baseline 0 0"><span class='ocrx_word' id='word_1_455' title='bbox 0 0 1658 5460; x_wconf 95' lang='lat' dir='ltr'> </span> 
     </span>
    </p>
   </div>
  </div>
 </body>
</html>
