3314 5460
249 366 293 431 32
706 367 742 422 M.
763 366 867 421 Tvnul
888 364 1076 423 CICERONIS

252 530 343 594 vario
371 552 533 613 sermone,
565 530 621 595 sed
649 534 682 594 et
710 531 892 595 clarissima
919 534 953 593 et
980 550 1045 593 una
1072 527 1217 592 omnium
1248 547 1328 592 voce
1357 523 1528 609 perfertur.

213 652 350 701 eunom
374 637 453 701 illud
478 637 601 721 nescio,
628 637 815 723 gratulerne
843 635 905 701 tibi
933 659 975 700 an
1003 635 1152 717 timeam,
1180 633 1265 718 quod
1293 630 1459 697 mirabilia
1481 634 1528 695 est

250 744 431 828 expectatio
455 744 579 808 reditus
604 744 667 826 tui,
693 765 758 808 non
783 765 846 826 quo
878 764 1002 824 verear,
1032 764 1072 805 ne
1095 746 1153 804 tua
1175 739 1279 804 virtus
1303 736 1454 823 opinioni
1475 736 1527 801 ho·

250 850 374 915 minum
398 874 463 915 non
486 851 694 935 respondeat,
718 850 773 914 sed
798 849 953 932 mercule,
975 870 1032 931 ne,
1055 870 1129 912 cum
1152 846 1291 929 veneris,
1318 868 1386 909 non
1410 843 1527 908 habeas

250 957 330 1042 iam,
360 958 445 1040 quod
474 979 577 1024 cures:
613 957 689 1040 †ita
717 960 793 1021 sunt
821 955 931 1020 omnia
958 954 1129 1019 debilitata
1156 952 1222 1017 iam
1249 974 1350 1036 prope
1379 950 1563 1014 extinctae

250 1064 306 1127 sed
335 1063 413 1128 baec
439 1065 512 1148 ipsa
538 1064 648 1128 nescio
676 1068 805 1128 rectene
834 1062 900 1127 sint
928 1061 1047 1126 litteris
1076 1059 1263 1141 commissa3
1294 1080 1395 1143 quare
1425 1060 1528 1121 cetera

251 1190 427 1254 cognosces
460 1193 500 1235 ex
532 1170 615 1234 aliis.
662 1175 698 1234 tu
731 1174 859 1251 tamen,
891 1169 958 1233 sive
991 1167 1092 1231 habes
1124 1166 1266 1250 aliquam
1300 1186 1394 1248 spem
1427 1163 1466 1229 de
1497 1184 1528 1225 re

250 1274 382 1358 publica
410 1276 478 1340 sive
501 1276 667 1359 desperas,
694 1298 733 1340 ea
754 1298 848 1360 para,
876 1275 1044 1355 meditare,
1074 1273 1196 1358 cogita,
1224 1294 1307 1356 quae
1330 1293 1404 1336 esse
1432 1270 1467 1333 in
1493 1290 1527 1332 eo

251 1382 313 1445 civi
337 1404 375 1446 ac
398 1383 469 1445 viro
497 1382 629 1467 debent,
659 1383 714 1465 qui
739 1382 783 1446 sit
807 1405 875 1447 rem
903 1380 1067 1465 publicam
1095 1379 1259 1444 adflictam
1282 1382 1316 1442 et
1340 1398 1527 1461 oppressam

252 1487 378 1551 miseris
408 1487 610 1571 temporibus
639 1511 676 1553 ae
704 1488 839 1572 perditis
869 1488 1014 1552 moribus
1044 1488 1077 1550 in
1107 1492 1248 1551 veterem
1275 1483 1475 1569 dignitatem
1498 1486 1634 1543 err-1

252 1593 438 1657 libertatem
463 1594 692 1660 vindicaturus.

805 1807 862 1871 vr.
893 1806 974 1893 (cs.)

580 1948 622 2014 u.
646 1947 808 2015 oritano
834 1948 864 2014 s.
888 1948 928 2014 n.
951 1948 986 2013 o.
1011 1945 1207 2013 cvurour.

220 2111 231 2157 1
342 2089 495 2156 Nondum
533 2098 603 2155 erat
639 2092 786 2157 auditum
819 2096 852 2155 te
884 2093 924 2156 ad
957 2091 1087 2156 ltaliam
1124 2090 1314 2169 adventare,
1351 2110 1429 2153 cum
1462 2085 1529 2152 Sex.
1595 2144 1602 2149 .

251 2196 401 2279 Villium,
429 2197 562 2262 Milonis
591 2199 653 2261 mei
677 2198 885 2279 familiarem,
913 2219 986 2261 cum
1010 2197 1061 2261 his
1085 2197 1125 2261 ad
1149 2202 1182 2261 te
1205 2195 1327 2259 litteris
1356 2194 1448 2279 misi3
1475 2192 1603 2257 serlus

249 2309 372 2383 tumen,
402 2327 475 2369 eum
503 2306 762 2389 adpropinquare
791 2312 865 2370 tuus
894 2305 1050 2368 adventus
1077 2307 1249 2387 putaretur
1275 2306 1309 2365 et
1337 2306 1369 2365 te
1399 2301 1467 2364 iam
1494 2320 1531 2362 ex

248 2410 329 2474 Asia
353 2410 491 2475 llomam
515 2434 626 2476 versus
651 2412 834 2495 proiectum
858 2434 928 2475 esse
952 2414 1133 2493 constaret,
1156 2408 1348 2494 magnitudo
1372 2407 1422 2471 rei
1446 2405 1532 2483 fecit,

248 2521 285 2580 ut
304 2540 369 2582 nou
389 2541 582 2601 vereremur,
600 2540 640 2581 ne
659 2518 757 2581 nimis
776 2518 843 2582 cito
863 2518 1079 2595 mitteremus,
1098 2538 1171 2580 oum
1190 2514 1250 2579 has
1270 2535 1368 2597 quam
1388 2513 1530 2597 primum

248 2624 287 2687 orl
307 2630 339 2687 te
362 2623 498 2709 perferri
519 2625 647 2689 litteras
666 2645 863 2709 magnopere
882 2624 1046 2688 vellemus.
1083 2643 1155 2708 ego,
1178 2621 1207 2686 si
1226 2642 1299 2684 mea
1316 2620 1352 2683 in
1370 2624 1406 2683 te
1424 2621 1533 2684 essent

248 2728 355 2793 cilicia
385 2731 504 2813 solum,
534 2730 633 2795 Curio
657 2766 700 2776 -
724 2736 830 2811 tanta,
859 2733 980 2813 quauta
1008 2729 1113 2813 magis
1142 2750 1161 2791 a
1188 2732 1221 2790 te
1249 2727 1322 2809 ipso
1350 2723 1610 2810 praedicam-2

249 2857 347 2917 quam
372 2858 391 2898 a
414 2858 465 2899 me
489 2836 660 2918 ponderari
685 2836 792 2900 solent-
814 2873 872 2917 —,
899 2835 1110 2899 verecundius
1134 2857 1154 2898 a
1176 2838 1224 2915 te,
1251 2833 1280 2897 si
1304 2853 1389 2918 qaae
1413 2852 1534 2917 magno

250 2960 301 3003 res
321 2940 400 3003 mihi
421 2941 561 3023 petenda
579 2947 675 3023 esset,
698 2942 935 3025 contenderem,
957 2964 1057 3027 grave
1075 2948 1126 3005 est-
1145 2938 1231 3005 enim
1251 2937 1379 3004 homini
1399 2935 1534 3022 pudenti

250 3050 358 3128 petere
382 3045 505 3129 aliquid
530 3067 684 3131 maguum
708 3046 749 3109 ab
773 3068 825 3129 eo,
853 3047 891 3110 de
919 3070 983 3131 quo
1008 3069 1042 3111 se
1067 3048 1147 3111 bene
1178 3045 1333 3110 meritum
1355 3048 1465 3129 putet,
1495 3064 1535 3107 ne

250 3151 297 3233 id,
324 3151 410 3233 <lircil
433 3157 540 3236 pel-al.
567 3152 697 3235 exigere
728 3152 832 3236 magis
860 3174 957 3235 quam
981 3175 1096 3239 rogare
1120 3157 1154 3217 et
1178 3153 1211 3216 in
1236 3150 1395 3216 mercedis
1423 3149 1537 3234 potius

214 3276 348 3339 equam
377 3257 524 3322 beneficii
554 3258 624 3322 loeo
657 3280 826 3322 numerare
855 3258 1014 3341 videatur3
1045 3259 1115 3341 sed,
1149 3258 1226 3343 quia
1252 3264 1310 3322 tua
1337 3258 1373 3321 in
1402 3279 1456 3322 me
1484 3256 1535 3320 vel
1549 3270 1625 3317 ις

251 3369 329 3426 uota
357 3363 508 3427 caninibus
541 3364 591 3428 rel
619 3364 690 3447 ipsu
719 3362 863 3428 novitate
891 3387 1037 3430 meorum
1069 3374 1254 3457 temporum
1285 3363 1475 3429 clarissima
1504 3367 1538 3426 et

252 3470 392 3533 maxima
416 3470 573 3534 beneficia
596 3470 773 3533 extiterunt
797 3479 911 3554 estque
942 3471 1042 3534 animi
1066 3469 1214 3555 ingenui,
1239 3471 1293 3535 cui
1316 3470 1463 3535 multum
1486 3470 1539 3533 de·

253 3576 340 3643 beas.
362 3576 466 3639 eidem
489 3576 666 3660 plurimum
686 3575 768 3639 aelle
787 3576 912 3643 debere.
935 3598 999 3640 nou
1018 3577 1164 3640 dubitari
1183 3577 1217 3640 id
1235 3599 1255 3641 a
1274 3582 1308 3641 te
1326 3598 1386 3661 per
1405 3576 1538 3640 litteras

251 3687 369 3764 petere.
393 3683 477 3765 alucul
503 3681 581 3745 mibi
601 3682 748 3746 omnium
772 3688 859 3746 esset-
879 3684 1056 3746 maximum
1083 3683 1286 3767 maximeque
1304 3682 1540 3765 necessarium,

251 3787 464 3869 nequeenim
488 3810 560 3851 sum
585 3788 723 3857 veritus.
746 3810 786 3851 ne
811 3788 970 3851 sustinere
995 3796 1051 3851 lua
1075 3789 1108 3852 in
1132 3811 1183 3852 me
1207 3789 1258 3853 rel
1281 3789 1539 3855 innumerabilia
1553 3800 1634 3850 ab

251 3915 316 3955 nou
340 3914 487 3975 perissem.
509 3916 582 3957 eum
606 3894 796 3975 praesertim
820 3895 1015 3958 confiderem
1038 3895 1162 3959 nullam
1181 3917 1253 3960 esse
1272 3897 1418 3982 gratiam
1437 3902 1541 3979 tuam,

343 4092 364 4135 1.
385 4094 412 4135 et
432 4100 487 4135 unu
508 4084 548 4137 bn·
566 4086 675 4151 scripsi:
696 4084 729 4135 ,ll
773 4084 865 4137 oruniu
886 4088 919 4139 J!
949 4085 1072 4139 oninium
1093 4088 1139 4139 Μ’
1200 4094 1224 4141 l.
1243 4086 1406 4143 mehercule
1425 4089 1466 4153 Il,
1483 4089 1540 4143 mei

251 4153 372 4211 lien-ule.
393 4168 421 4205 a!
437 4155 499 4209 cul..
520 4156 544 4207 (ι’
583 4160 607 4205 ·'=.
624 4152 773 4206 debilitato
793 4156 849 4207 ium
868 4158 906 4214 ll.
925 4156 1074 4209 debilitate
1093 4157 1150 4210 ium
1166 4159 1229 4212 (ill.
1252 4158 1407 4213 debilitat·
1426 4176 1461 4213 ac
1481 4160 1541 4213 iam

252 4224 348 4279 litun.
374 4224 400 4277 «l.
420 4236 447 4277 er
467 4224 524 4276 iarn
546 4224 692 4281 lire-uuus.
718 4224 735 4275 d
764 4224 821 4277 iarn
844 4244 930 4295 pmpe
949 4239 976 4280 et
996 4240 1050 4281 ext.
1074 4230 1120 4280 ,llr
1174 4235 1198 4281 u.
1219 4234 1331 4283 rectem
1350 4230 1444 4295 Bw,
1462 4234 1541 4285 recte

250 4312 305 4347 uon
326 4294 380 4351 lli.
403 4298 514 4347 meteue
532 4310 588 4346 uon
608 4298 631 4343 ιι·
683 4300 714 4345 13
744 4302 944 4364 naseraptiuoarn
964 4316 1004 4349 oon
1034 4300 1069 4351 ll.
1094 4298 1190 4351 Cicero
1209 4300 1322 4354 *furiani
1346 4300 1474 4355 salutem
1495 4302 1524 4357 G

253 4371 291 4415 15,
313 4364 425 4417 milonis
444 4382 477 4417 ez·
497 4382 538 4417 -es
561 4365 604 4416 ,w
657 4372 696 4415 15.
716 4365 914 4419 uirorumue
935 4369 981 4419 Μ’
1032 4378 1064 4419 lt·
1091 4368 1207 4437 pm'erri
1227 4372 1292 4429 llll.
1311 4386 1339 4424 -e
1359 4372 1418 4429 Ml
1433 4388 1540 4443 magno

251 4450 368 4501 apeme
406 4434 435 4486 in
454 4448 482 4487 te
500 4436 539 4491 Jl.
559 4434 700 4487 interllb'
737 4443 772 4487 21·
800 4450 905 4501 quinne
921 4440 944 4487 ll
993 4445 1033 4489 ἐι.
1054 4440 1223 4493 uerecundia
1240 4443 1296 4495 GR
1316 4486 1320 4499 .
1341 4448 1385 4495 21.
1403 4448 1540 4512 &lquere

252 4519 370 4569 maguae
402 4522 456 4571 quu
477 4522 579 4573 inagna
600 4504 661 4555 lle·
674 4505 720 4556 Ji*
751 4522 794 4556 rer
813 4506 882 4557 anibi
902 4507 1022 4575 pronai-a
1042 4522 1114 4561 esset
1136 4512 1210 4567 llll.
1228 4530 1302 4579 «luae
1321 4528 1447 4582 magnae
1465 4513 1539 4567 mibi

252 4574 388 4639 petendae
413 4588 505 4627 essent
526 4578 549 4623 a*
606 4579 639 4625 :¹1
674 4574 800 4642 inanimi.
829 4577 868 4627 2¹⁴²?
900 4595 917 4628 ιι
941 4578 969 4629 ia
991 4598 1053 4637 ιι».
1082 4580 1120 4635 ll.
1149 4580 1256 4650 ingenii
1275 4584 1337 4636 ,llll
1374 4584 1439 4637 -nui
1457 4586 1521 4643 Μ’)

252 4648 287 4692 22⁸
314 4644 465 4694 iniuriarum
489 4652 561 4697 erret
589 4644 797 4711 :exanimumque
820 4661 838 4694 u
867 4646 893 4698 lt
948 4654 981 4697 :ta
1015 4662 1073 4703 ros:
1096 4650 1313 4707 innumerabilia
1338 4644 1372 4707 nl
1397 4646 1539 4724 praedura

251 4730 264 4763 s
289 4710 348 4761 Xil'
371 4714 410 4763 ιη’
425 4712 471 4763 Xl'
493 4734 521 4765 ru
543 4715 574 4765 ll
597 4716 659 4765 u-iu'.
680 4713 828 4767 benetie-iu.
854 4718 899 4767 sel
921 4706 1115 4785 putauerunt
1160 4728 1201 4775 31,
1222 4738 1301 4777 ruam
1317 4725 1388 4791 GR,
1406 4730 1471 4781 tam
1489 4727 1538 4781 ,w

254 4794 313 4849 „ten
331 4780 387 4831 aar
416 4782 472 4835 ,ll-⁸.
488 4796 581 4849 putea
601 4794 743 4851 aaronque
761 4800 867 4835 reamare
885 4802 923 4839 rs:
