3286 5460
554 390 809 480 aplssvunuvpl
828 392 861 446 X.
881 397 923 447 at.
943 397 985 447 28.
1004 396 1047 448 28,
1067 397 1108 447 80.
1405 393 1469 456 269

191 557 305 635 tuerer,
328 551 399 635 ipse
422 553 665 637 perscriberem,
690 577 887 639 quamquam
912 577 1000 619 eram
1025 554 1175 618 maximis
1200 554 1469 639 occupationibus

192 659 376 743 impeditus.
422 660 478 724 sed
502 660 560 723 illa
583 681 759 746 cognosces
783 684 822 725 ex
846 661 933 743 aliis3
956 684 975 724 a
1000 683 1050 725 me
1073 683 1190 745 pauca,
1214 666 1247 725 et
1271 684 1308 726 ea
1331 684 1468 726 summa-

192 767 266 829 tim:
296 766 453 831 habemus
482 766 602 831 fortem
630 771 793 852 senatum,
821 768 1001 832 consularis
1028 768 1149 853 partim
1178 767 1321 851 timidos,
1349 768 1469 852 partim

191 873 275 937 male
300 873 486 959 sentientis3
513 896 668 959 magnum
691 875 844 938 damnum
867 873 990 938 factum
1014 878 1064 939 est
1087 876 1119 939 in
1145 872 1271 958 Serri03
1295 873 1331 939 L.
1351 874 1470 940 Caesar

164 979 314 1063 soptime
342 980 457 1065 sentit,
487 982 555 1064 sed,
587 982 672 1065 quod
702 980 878 1045 avunculus
906 985 970 1065 est,
999 1004 1062 1046 non
1093 982 1267 1046 acerrimas
1295 981 1374 1046 dicit
1401 1004 1468 1046 sen-

192 1088 326 1170 tentias3
346 1089 494 1153 consules
514 1088 647 1175 egregii,
665 1088 851 1172 praeclarus
866 1086 904 1152 D.
919 1087 1053 1167 Brutus,
1072 1088 1222 1175 egregius
1242 1110 1322 1173 puer
1342 1087 1469 1172 Caesar,

190 1195 318 1278 dequo
347 1217 442 1278 spero
471 1195 619 1279 equidem
647 1195 784 1279 reliqua,
813 1196 876 1260 hoo
903 1217 979 1260 vero
1008 1200 1133 1261 certum
1160 1194 1295 1280 habeto,
1322 1194 1384 1261 nisi
1414 1197 1468 1259 illo

192 1306 361 1366 veteranos
385 1302 535 1367 celeriter
563 1302 809 1387 conscripsisset
838 1303 1046 1388 legionesque
1070 1303 1152 1366 duae
1175 1302 1213 1366 de
1238 1302 1380 1367 exercitu
1405 1303 1468 1366 An·

191 1409 273 1473 tonii
299 1410 338 1473 ad
362 1409 431 1473 eius
455 1432 489 1474 se
512 1410 741 1475 auctoritatem
771 1409 988 1476 contulissent
1015 1415 1114 1495 atque
1138 1409 1165 1473 is
1189 1409 1360 1495 oppositus
1383 1413 1469 1473 esset

151 1537 176 1573 ιο
191 1521 298 1580 terror
323 1516 481 1597 Antonio,
504 1515 585 1580 nihil
612 1517 791 1581 Antonium
815 1517 961 1601 sceleris,
984 1517 1065 1581 nihil
1091 1516 1293 1581 crudelitatis
1316 1517 1468 1600 praeteri-

190 1628 300 1687 turum
328 1623 437 1687 fuisse.
483 1622 563 1689 haec
591 1623 651 1688 tibi
659 1676 667 1706 ,
697 1623 760 1688 etsi
789 1623 899 1688 audita
922 1645 992 1689 esse
1016 1624 1214 1708 arbitrabar,
1243 1624 1329 1687 volui
1360 1628 1467 1687 tamen

190 1730 320 1794 notiora
343 1752 422 1795 csse.
468 1730 563 1816 plura
586 1731 740 1816 scribam,
763 1731 790 1796 si
814 1731 887 1814 plus
912 1731 973 1795 otii
995 1730 1147 1796 habuero.

703 1943 820 2010 xxix.
853 1942 958 2031 (429.)

643 2085 801 2152 cronno
826 2085 959 2151 nemo
985 2084 1016 2151 s,

150 2250 176 2288 rs
279 2227 329 2293 De
353 2252 424 2294 meo
449 2230 557 2294 studio
587 2250 665 2314 erga
692 2230 831 2294 salutem
855 2235 889 2294 et
911 2227 1168 2294 incolumitatem
1198 2235 1288 2294 tuam
1316 2233 1412 2296 credo
1436 2237 1468 2297 te

191 2355 348 2421 cognosse
373 2359 411 2400 er
435 2336 556 2400 litteris
580 2341 726 2419 tuorum,
752 2337 871 2420 quibus
896 2359 947 2400 me
971 2334 1226 2400 cumulatissime
1250 2337 1469 2404 satisfecisse

191 2446 280 2506 certo
304 2444 386 2527 scio,
413 2466 472 2508 nec
496 2443 543 2507 eis
567 2443 721 2527 concedo,
749 2465 947 2527 quamquam
976 2447 1053 2507 sunt
1080 2442 1239 2527 singulari
1268 2443 1302 2507 in
1325 2451 1359 2509 te
1383 2446 1470 2510 beni·

191 2547 342 2632 volentia,
365 2555 402 2614 ut
425 2554 458 2614 te
482 2550 607 2615 salvum
632 2550 749 2614 malint
767 2572 864 2634 quam
887 2570 958 2634 ego.
995 2549 1044 2612 illi
1068 2549 1149 2613 mihi
1172 2571 1302 2615 necesse
1327 2555 1377 2616 est
1397 2574 1469 2616 con-

192 2657 317 2741 cedant,
340 2662 378 2720 ut
402 2656 463 2721 tibi
487 2658 560 2741 plus
585 2680 682 2741 quam
707 2656 770 2740 ipsi
793 2657 856 2722 hoc
880 2661 1027 2741 tempore
1045 2657 1198 2741 prodesse
1222 2657 1360 2741 possim3
1384 2660 1469 2743 quod

151 2783 178 2821 2⁰
192 2764 323 2847 quidem
352 2787 412 2829 nec
439 2763 551 2827 destiti
581 2763 686 2829 facere
715 2785 774 2828 neo
803 2764 959 2828 desistam
983 2768 1015 2828 et
1039 2764 1103 2827 iam
1128 2763 1161 2828 in
1184 2765 1327 2829 maxima
1350 2788 1384 2830 re
1408 2766 1470 2831 feci

190 2874 224 2933 et
247 2869 459 2934 fundamenta
482 2871 542 2934 ieci
567 2870 684 2935 salutis
707 2874 791 2935 tuae.
838 2874 874 2935 tu
898 2869 949 2934 fac
973 2871 1058 2934 bono
1083 2870 1192 2935 animo
1215 2892 1399 2957 magnoque
1424 2872 1469 2938 sis

190 2999 305 3061 meque
329 2978 391 3041 tibi
414 2978 505 3042 nulla
528 3000 562 3041 re
586 2978 774 3042 defuturum
801 2999 871 3042 esse
902 2977 1053 3042 confidas.
1100 3000 1146 3061 pr.
1171 2976 1254 3041 Non.
1280 2977 1469 3054 Quinctiles.

712 3190 810 3258 xm.
843 3188 949 3279 (ers.)

609 3333 757 3400 ornan
784 3331 995 3401 crunnum
1020 3333 1050 3399 s

150 3495 177 3535 as
279 3477 317 3542 Α.
337 3478 365 3542 d.
385 3477 617 3560 xvl1K.Mai.‚
641 3499 705 3561 quo
728 3477 779 3541 die
799 3477 906 3542 Pansa
924 3477 958 3541 in
977 3478 1093 3542 castris
1113 3476 1214 3542 Hirtii
1237 3482 1307 3542 erat
1330 3476 1470 3561 futurus,

190 3606 264 3648 eum
292 3607 356 3668 quo
385 3606 446 3670 ego
475 3606 563 3649 eram
586 3621 631 3630 -
653 3606 729 3649 nam
757 3584 785 3648 ei
816 3583 945 3649 obviarn
969 3605 1190 3668 processeram
1220 3584 1324 3648 millia
1352 3605 1468 3668 passus

190 3694 335 3774 centum,
366 3714 429 3775 quo
462 3692 621 3756 maturius
650 3690 775 3755 veniret
797 3727 855 3772 —‚
885 3689 1049 3754 Antonius
1077 3689 1223 3775 legiones
1247 3690 1358 3755 eduxit
1381 3691 1470 3774 duaa,

190 3798 365 3862 secundam
397 3803 430 3862 et
463 3799 610 3882 quintam
643 3797 880 3881 tricensimam,
918 3801 951 3861 et
982 3797 1133 3861 cohortes
1167 3797 1347 3881 praetorias
1380 3798 1469 3880 duaa,

279 3996 304 4045 4.
325 3990 457 4044 damnum
473 4010 506 4046 ex
521 3991 644 4061 dagnum
658 3992 708 4044 Mc
745 3989 837 4044 seruio
852 3991 894 4054 Μ,
913 3989 1028 4044 seruitio
1044 3990 1104 4043 HD
1118 3993 1127 4058 ΙΙ
1142 3995 1166 4044 6.
1186 3989 1289 4044 Caesar
1303 3992 1466 4058 euomuerit

190 4061 222 4114 K
225 4063 288 4132 lega
310 4063 319 4132 Ι
340 4067 363 4115 8.
385 4061 513 4116 celeriter
531 4065 679 4116 ueteranos
753 4065 762 4130 lt
785 4068 808 4117 8.
828 4061 853 4115 is
872 4063 908 4115 M
912 4062 954 4115 ΙΙ)
972 4069 996 4115 et
1014 4063 1137 4116 radendo
1156 4079 1189 4116 ea
1207 4061 1251 4115 his
1271 4060 1314 4128 H,
1334 4060 1378 4114 his
1398 4061 1447 4114 Μο

192 4139 232 4187 14.
252 4133 356 4203 Appio]
376 4135 411 4202 ef.
431 4134 482 4201 XI,
501 4140 543 4187 22.
568 4135 620 4187 Am
642 4133 704 4191 ios
732 4137 741 4200 l
769 4140 810 4187 15.
834 4135 864 4186 te
882 4133 923 4198 1),
951 4135 979 4186 et
997 4132 1065 4186 ΜΗ
1090 4137 1098 4194 l
1127 4138 1168 4188 17.
1188 4132 1246 4186 acio
1269 4150 1303 4186 ex
1325 4131 1395 4185 iscio
1414 4131 1469 4199 M¹‚

190 4211 219 4257 ut
238 4206 292 4258 er'd.
308 4205 384 4274 teis]
404 4205 439 4258 iis
458 4207 499 4268 Μ,
519 4205 563 4258 his
580 4206 611 4258 H
653 4210 662 4273 ι]
678 4210 772 4260 17.1s.
791 4202 986 4258 beniuolentia
1005 4204 1073 4269 HI),
1093 4203 1146 4257 ben
1176 4205 1211 4257 M
1222 4208 1232 4273 ll
1246 4210 1288 4256 20.
1308 4205 1337 4256 ct
1355 4202 1412 4256 iam
1427 4204 1469 4268 Μ,
1489 4211 1498 4231 ·

190 4274 276 4329 etiam
300 4276 361 4330 HD
388 4280 397 4345 l
424 4283 467 4330 21.
490 4277 544 4331 ieci
570 4277 640 4344 HD,
665 4276 720 4330 leci
739 4277 773 4330 M
799 4279 808 4344 ll
835 4292 993 4344 magnoque
1017 4275 1089 4341 ΗΖ),
1113 4292 1216 4344 magno
1240 4275 1389 4342 anirnoque
1413 4275 1469 4343 ΜΙ·

190 4351 232 4400 22.
251 4346 331 4401 nulla
349 4346 421 4418 (in)
439 4365 469 4402 re
487 4350 528 4403 vel
546 4347 617 4443 5³¹¹>
636 4346 715 4401 nulla
733 4364 762 4400 re
781 4349 833 4400 ulii
869 4353 911 4402 24.
931 4349 963 4401 de
980 4348 1085 4401 Galbae
1102 4364 1196 4415 praere
1215 4348 1324 4400 dicendi
1342 4353 1469 4400 accurare

189 4421 313 4487 eoepomit
334 4420 370 4473 H.
386 4419 529 4473 Hellmulh
571 4421 637 4474 uter
655 4421 681 4475 d.
702 4419 819 4487 Sluuche
844 4419 870 4471 d.
897 4418 1144 4487 Epistoloprapheu
1168 4420 1194 4471 8,
1215 4419 1354 4543 tappetae
1378 4418 1469 4471 Galba

189 4507 215 4544 a.
235 4491 270 4545 L.
286 4490 427 4545 Gomlius
450 4492 572 4545 Balbus'
599 4509 693 4561 propr.
714 4491 881 4559 Wirceturp.
903 4492 971 4543 1888
991 4508 1020 4558 p,
1036 4496 1098 4557 §lep
1128 4491 1173 4555 (cs.
1194 4489 1229 4543 A.
1272 4489 1373 4542 'saner
1392 4489 1466 4543 uere.

187 4562 254 4628 pail.
275 4562 461 4616 Wocaemcur.
483 4567 551 4616 1888
590 4563 740 4630 .1594εᾳ,)
766 4565 775 4629 Η
803 4567 845 4616 25.
870 4563 901 4615 A.
922 4560 961 4630 dr]
985 4559 1028 4613 Ad
1051 4560 1135 4613 index
1159 4561 1205 4624 M,
1232 4577 1276 4615 om
1308 4562 1338 4611 Ψ
1361 4562 1371 4627 lt
1398 4560 1465 4630 xva]

190 4650 255 4685 rrnr
279 4633 367 4687 Recte
394 4633 541 4702 (Uerresp.
562 4581 628 4687 (lic)
651 4636 741 4702 1248)
766 4639 879 4700 μυρία
905 4632 982 4686 Ouid.
1006 4634 1069 4696 tort.
1090 4630 1127 4683 IV
1147 4635 1246 4700 casm.
1272 4647 1350 4699 posse
1378 4637 1467 4685 tumn

189 4711 332 4774 atrumque
351 4707 532 4758 testimonium
551 4707 636 4758 unsri
654 4706 746 4758 docuit
767 4703 915 4757 Mommsen
930 4702 1023 4756 Herm.
1039 4701 1115 4754 XVll
1131 4720 1161 4771 p.
1177 4707 1228 4754 886
1242 4706 1251 4771 l
1265 4706 1308 4756 26.
1323 4701 1362 4772 ei]
1376 4705 1405 4755 et
1419 4704 1449 4755 Ψ

190 4775 279 4829 millia
301 4773 395 4842 (milia
414 4776 459 4843 H)
484 4793 584 4845 passus
611 4778 650 4842 Ψ,
678 4774 759 4828 milis
781 4791 914 4843 passuum
938 4792 962 4832 ς.
999 4775 1033 4840 cf.
1053 4775 1091 4828 ud
1109 4772 1147 4841 X,
1168 4779 1239 4842 17‚1
1267 4778 1277 4843 Ι
1304 4778 1346 4829 28.
1370 4773 1467 4844 quine

190 4848 247 4899 tam
267 4848 302 4901 Μ
313 4852 323 4916 l
336 4846 508 4900 tricesimam
528 4847 589 4901 ΗΙ)
