3286 5460
258 371 322 434 318
710 370 746 424 Μ.
767 370 873 424 TVLLI
892 368 1081 425 CICERONIS

257 532 343 597 enim
367 534 408 597 ab
429 531 606 598 Antiochia
624 531 796 597 Dolabella
815 534 901 598 etin
920 533 1138 619 oppugnando
1159 535 1244 599 male
1263 537 1427 619 acceptus,
1449 533 1537 599 nulla

259 640 323 703 alia
347 640 486 704 confisus
510 641 599 722 urbe,
623 639 825 723 Laodiceam,
850 663 932 724 quae
956 641 1064 704 estin
1088 640 1186 725 Syria
1209 641 1249 705 ad
1272 662 1376 724 mare,
1407 662 1443 704 se
1466 661 1537 705 con·

259 747 347 809 tulit:
382 746 428 809 ibi
456 767 550 829 spero
579 746 728 810 celeriter
755 768 829 810 eum
861 769 982 830 poenas
1016 747 1179 833 daturum;
1213 770 1289 812 nam
1322 769 1444 832 neque,
1476 769 1537 831 quo

259 853 415 936 refugiat,
444 853 544 916 habet
566 874 670 935 neque
699 853 821 917 diutius
849 853 896 916 ibi
923 853 1046 937 poterit
1073 845 1203 918 tantum
1230 852 1411 919 exercitum
1434 851 1538 919 Cassii

259 960 431 1023 sustinere:
451 981 545 1042 spero
565 959 663 1022 etiam
684 958 867 1023 confectum
886 982 956 1023 esse
976 961 1041 1023 iam
1061 965 1094 1024 et
1114 946 1305 1045 oppressum
1323 959 1538 1025 Dolabellam.
1562 982 1574 1022 s

224 1086 357 1149 square
373 1089 446 1130 non
473 1070 554 1149 puto
578 1064 718 1128 Pansam
746 1070 779 1129 et
807 1065 953 1130 Hirtium
982 1067 1016 1130 in
1044 1067 1216 1132 consulatu
1243 1071 1480 1152 properaturos
1506 1066 1539 1130 in

257 1173 440 1255 provincias
465 1173 566 1256 exire,
593 1173 648 1236 sed
672 1171 796 1237 Romae
820 1177 950 1238 acturos
973 1174 1193 1239 consulatum:
1220 1174 1346 1259 itaque,
1374 1174 1403 1238 si
1427 1173 1479 1238 ab*
1494 1174 1539 1237 eis

257 1279 400 1362 petieris,
423 1285 460 1342 ut
483 1280 608 1343 interea
630 1279 726 1343 nobis
750 1281 1012 1364 procurationem
1034 1279 1132 1345 Asiae
1156 1280 1242 1364 dent,
1265 1302 1361 1365 spero
1385 1285 1419 1345 te
1444 1302 1539 1365 posse

258 1385 440 1468 impetrare.
482 1390 649 1469 praeterea
672 1385 753 1449 mihi
776 1384 997 1470 promiserunt
1019 1384 1126 1450 Pansa
1153 1391 1186 1450 et
1209 1385 1339 1451 Hirtius
1368 1409 1482 1452 coram
1508 1391 1540 1451 et

259 1493 385 1575 apsenti
409 1493 489 1556 mihi
514 1491 715 1576 scripserunt
740 1492 918 1576 Verrioque
945 1497 1060 1557 nostro
1084 1492 1192 1557 Pansa
1214 1492 1401 1557 adfirmavit
1424 1514 1460 1557 se
1488 1493 1576 1557 dare

258 1603 367 1661 turum
397 1620 542 1682 operam,
573 1620 614 1662 ne
641 1599 676 1662 in
705 1621 763 1663 suo
792 1598 962 1663 consulatu
991 1597 1072 1662 mihi
1105 1598 1303 1663 succedatur.
1350 1619 1412 1683 ego
1441 1620 1539 1682 porro

258 1727 325 1767 non
358 1706 481 1768 medius
509 1705 605 1768 fidius
634 1704 811 1788 eupiditate
843 1704 1029 1790 provinciae
1061 1705 1198 1789 produci
1229 1704 1362 1789 longius
1395 1705 1540 1788 spatium

260 1811 340 1874 mihi
369 1813 456 1894 volo;
488 1834 563 1875 nam
590 1811 672 1875 mihi
704 1812 768 1876 fuit
798 1812 864 1876 ista
895 1811 1063 1896 provincia
1094 1811 1191 1896 plena
1222 1810 1360 1895 laboris,
1393 1812 1539 1896 periculi,

259 1918 455 2003 detrimenti,
479 1941 560 2003 quae
584 1940 645 2004 ego
668 1942 709 1984 ne
732 1919 856 1984 frustra
874 1919 1030 1983 subierim
1049 1919 1132 2000 nive,
1154 1917 1246 2002 prius
1265 1938 1363 2001 quam
1382 1918 1539 2002 reliquias

257 2045 347 2088 meae
371 2025 558 2110 diligentiae
582 2047 775 2109 consequar,
804 2026 955 2091 decedere
979 2045 1090 2109 cogar,
1119 2024 1211 2089 valde
1234 2024 1364 2111 laboro;
1391 2047 1483 2109 nam,
1511 2026 1576 2090 sia

255 2129 444 2213 potuissem,
463 2154 561 2214 quam
577 2154 746 2218 exegeram
765 2130 945 2216 pecuniam,
963 2131 1149 2196 universam
1167 2131 1308 2214 mittere,
1325 2132 1539 2217 postularem,

255 2241 292 2299 ut
316 2238 397 2301 mihi
420 2240 658 2303 succederetur:
680 2261 775 2322 nunc,
799 2238 885 2322 quod
909 2237 1023 2303 Cassio
1047 2237 1128 2321 dedi,
1153 2237 1239 2320 quod
1257 2235 1413 2300 Trebonii
1432 2242 1539 2303 morte

255 2342 437 2428 amisimus,
470 2345 557 2429 quod
589 2345 689 2410 etiam
722 2345 912 2410 crudelitate
940 2343 1132 2409 Dolabellae
1165 2347 1223 2408 aut
1251 2343 1389 2428 perfidia
1416 2365 1539 2429 eorum,

254 2451 309 2533 qui
337 2452 434 2514 fidem
463 2452 543 2515 mihi
571 2453 681 2537 reique
710 2452 858 2536 publicae
886 2473 953 2515 non
980 2451 1229 2536 praestiterunt,
1258 2449 1292 2513 id
1320 2452 1477 2537 consequi
1504 2456 1538 2516 et

255 2558 385 2621 reficere
410 2559 492 2642 volo,
516 2560 602 2642 quod
626 2559 722 2622 aliter
744 2580 810 2623 non
833 2561 944 2643 potest
966 2558 1047 2639 fieri,
1070 2557 1133 2622 nisi
1154 2557 1297 2641 spatium
1320 2555 1482 2622 habuero:
1505 2558 1538 2622 id
1552 2582 1576 2621 a

220 2669 292 2731 sut
314 2687 372 2748 per
395 2668 427 2729 te
453 2687 645 2752 consequar,
677 2667 789 2744 velim,
822 2670 859 2729 ut
887 2666 986 2751 solet,
1018 2665 1080 2729 tibi
1108 2685 1205 2729 curae
1232 2664 1285 2728 sit.
1327 2684 1390 2748 ego
1417 2686 1472 2730 me
1500 2665 1538 2730 de

255 2793 288 2833 re
312 2794 342 2854 p.
365 2776 445 2854 puto
470 2795 539 2837 esse
569 2774 735 2857 meritum,
768 2777 805 2837 ut
832 2794 898 2837 non
925 2771 1112 2855 provinciae
1140 2770 1237 2834 istius
1263 2769 1460 2836 beneficium
1488 2794 1539 2836 ex·

255 2881 401 2959 spectare
425 2878 567 2963 debeam,
591 2881 647 2945 sed
671 2884 808 2965 tantum,
832 2882 990 2963 quantum
1010 2876 1142 2943 Cassius
1164 2882 1198 2941 et
1215 2875 1320 2959 Bruti,
1342 2898 1411 2941 non
1429 2877 1537 2942 solum

254 2982 343 3045 illius
367 2984 446 3046 facti
468 2987 669 3071 periculique
693 2986 860 3068 societate,
882 2986 939 3050 sed
962 2986 1063 3050 etiam
1081 2985 1179 3048 huius
1199 2984 1355 3067 temporis
1376 2984 1486 3049 studio
1504 2989 1539 3049 et

255 3089 389 3173 virtute3
415 3090 540 3173 primus
564 3095 650 3157 enim
679 3115 740 3179 ego
769 3094 857 3179 leges
882 3093 1042 3157 Antonias
1070 3089 1169 3177 fregi,
1197 3090 1324 3175 primus
1351 3090 1536 3176 equitatum
1550 3119 1575 3160 a

256 3193 445 3259 Dolabellae
479 3199 519 3261 ad
552 3221 620 3263 rem
647 3223 677 3283 p.
706 3200 834 3264 traduxi
863 3196 1042 3282 Cassioque
1074 3197 1209 3280 tradidi,
1240 3197 1365 3281 primus
1398 3197 1537 3264 dilectus

254 3300 355 3365 habui
387 3325 446 3386 pro
480 3305 585 3368 salute
618 3308 761 3371 omnium
795 3310 909 3371 contra
946 3304 1204 3370 coniurationem
1240 3304 1537 3389 sceleratissimam,

255 3408 343 3472 solus
367 3407 480 3474 Cassio
505 3415 538 3475 et
561 3413 607 3476 rei
630 3437 661 3497 p.
686 3412 815 3497 Syriam
839 3412 1075 3496 exercitusque,
1097 3411 1154 3496 qui
1177 3411 1224 3475 ibi
1247 3413 1349 3494 erant,
1373 3411 1538 3493 coniunxi,

254 3538 338 3598 nam,
361 3515 426 3580 nisi
450 3539 510 3603 ego
533 3522 659 3583 tantam
682 3519 851 3604 pecuniam
876 3522 1033 3601 tantaque
1057 3517 1220 3601 praesidia
1243 3522 1276 3581 et
1298 3521 1367 3582 tam
1387 3517 1538 3583 celeriter

254 3622 367 3687 Cassio
392 3624 560 3708 dedissem,
583 3649 622 3690 ne
647 3649 744 3691 ausus
769 3625 898 3708 quidem
922 3629 1009 3689 esset
1032 3625 1080 3689 ire
1098 3625 1133 3688 in
1153 3622 1290 3709 Syriam,
1313 3628 1347 3689 et
1365 3645 1453 3690 nunc
1471 3646 1574 3690 nona

254 3730 380 3794 minora
411 3733 555 3815 pericula
587 3733 634 3797 rei
666 3758 698 3817 p.
730 3755 750 3796 a
776 3731 949 3797 Dolabella
980 3731 1142 3796 instarent
1175 3753 1273 3814 quam
1305 3730 1346 3794 ab
1379 3731 1537 3796 Antonio.

220 3840 352 3919 ratque
375 3837 455 3903 haec
479 3841 589 3904 omnia
613 3841 640 3905 is
664 3840 735 3924 feci,
759 3840 815 3923 qui
840 3839 961 3903 sodalis
985 3843 1018 3902 et
1041 3837 1316 3903 familiarissimus
1341 3837 1535 3904 Dolabellae

255 3966 352 4027 eram,
372 3946 657 4011 coniunctissimus
677 3947 835 4032 sanguine
855 3945 1019 4030 Antoniis,
1037 3946 1238 4029 provinciam
1258 3966 1387 4028 quoque
1402 3945 1536 4010 illorum

254 4052 410 4116 beneficio
434 4052 605 4135 habebam,
629 4055 685 4117 sed
708 4053 851 4134 πατρίδα
875 4050 957 4135 ἐμὴν
980 4056 1108 4135 μᾶλλον
1135 4056 1244 4134 φιλῶν
1272 4048 1425 4115 omnibus
1455 4052 1535 4116 meis

345 4253 366 4300 l.
387 4245 531 4300 antiochia
545 4246 584 4315 Η,
600 4246 743 4300 anthiocia
757 4246 798 4314 M,
814 4242 977 4298 anthiochia
991 4245 1028 4298 D.
1054 4243 1209 4298 Antiochea
1223 4244 1274 4298 alii
1287 4245 1297 4312 Η
1310 4242 1466 4313 pugnando
1476 4241 1520 4297 11¹
1526 4246 1536 4314 Η

254 4325 277 4371 2.
298 4318 440 4371 confessus
461 4318 497 4370 M
516 4321 525 4384 ΗΗ
547 4318 704 4372 laodiceam
724 4319 769 4386 M,
796 4315 956 4369 laudiceam
974 4316 1036 4369 HD
1058 4319 1067 4385 ΗΗ
1090 4321 1113 4369 4.
1133 4313 1239 4385 poterit
1261 4313 1302 4368 ibi
1323 4316 1351 4368 H
1375 4317 1386 4384 Η
1408 4320 1433 4369 ὁ.
1454 4331 1534 4384 spero

255 4389 339 4442 otiam
362 4389 420 4442 iam
444 4389 601 4443 confectum
625 4407 685 4444 esse
709 4391 738 4442 et
757 4389 817 4442 HD
844 4390 853 4456 ΙΙ
880 4385 1057 4440 Dolabellam
1081 4406 1099 4441 α
1117 4388 1210 4441 maltis
1235 4387 1350 4441 deletum
1374 4389 1453 4441 tenui
1476 4403 1535 4440 arm

255 4463 373 4515 Kdldero
393 4464 433 4529 (p.
451 4465 495 4528 13)
510 4464 518 4527 ΗΗ
534 4467 556 4514 7.
577 4464 688 4514 acturos
706 4461 747 4528 M,
766 4462 928 4529 peracturos
944 4459 1005 4512 HD
1024 4460 1096 4527 quod
1110 4464 1198 4527 potest
1216 4459 1326 4525 defendi
1339 4459 1349 4526 ΗΗ
1363 4455 1418 4528 eis]
1438 4456 1483 4511 bie
1500 4459 1534 4521 Ψ,

254 4531 288 4585 iis
308 4535 347 4601 ςΗ
363 4537 385 4585 9.
407 4532 513 4602 coram]
533 4532 630 4585 horam
652 4536 681 4586 Ψ
697 4535 706 4601 ΗΗ
727 4538 767 4585 11,
787 4547 873 4600 opera
892 4530 929 4581 M
943 4531 952 4599 ΙΙ
972 4535 1013 4583 14.
1033 4529 1098 4582 uiue
1119 4530 1163 4596 M,
1183 4545 1253 4582 neue
1274 4528 1341 4582 HD.
1370 4529 1407 4595 cs.
1427 4528 1535 4583 Rsactl

253 4621 343 4670 opusc.
368 4604 393 4655 ll
418 4623 446 4672 p.
467 4609 567 4672 deasq.
595 4607 604 4673 ΗΗ
632 4603 779 4673 reliquias]
807 4600 944 4668 reliquiae
974 4604 1003 4653 Ψ
1028 4604 1037 4670 ΗΗ
1067 4607 1107 4655 lt.
1136 4616 1215 4653 meae
1243 4598 1423 4668 diligentiam
1448 4598 1509 4652 HD
1525 4598 1536 4669 ΗΗ

255 4682 295 4727 la.
315 4675 414 4742 perdia
429 4676 464 4726 M
476 4675 604 4743 (pertidia
619 4676 655 4727 Μ
657 4679 677 4745 ΓΗ
692 4681 757 4742 11‘20.
772 4673 840 4743 nisi]
856 4672 912 4724 nisi
926 4671 993 4742 (si)
1008 4673 1129 4726 Ernesti.
1149 4674 1183 4738 cs.
1200 4671 1425 4725 Kreas-Schmun
1440 4670 1533 4724 ‘Auri-

255 4747 376 4798 torburi’
399 4753 415 4799 t.
433 4747 462 4797 1⁰
477 4766 504 4814 p.
522 4751 572 4798 539
588 4750 597 4814 ΗΗ
611 4753 653 4799 21.
668 4764 713 4815 pr.
733 4746 764 4797 nt
782 4763 831 4797 om.
854 4744 884 4794 H
901 4745 910 4812 ΗΗ
929 4749 971 4796 ⁶22.
991 4743 1121 4796 meritum
1147 4759 1207 4795 esse
1227 4742 1260 4795 Η
1275 4746 1284 4810 ΗΗ
1302 4748 1344 4795 23.
1364 4740 1465 4795 brutus
1484 4741 1513 4795 1)
1532 4743 1534 4755 “

254 4822 296 4868 26,
317 4816 435 4868 dilectus
458 4822 493 4883 Ψ,
513 4817 638 4871 delectus
658 4836 673 4876 ς
688 4821 697 4887 ΗΗ
711 4823 753 4871 3⁸2.
773 4813 866 4869 omnia
881 4832 931 4868 om.
950 4814 980 4867 D
993 4818 1002 4884 ΗΗ
1017 4820 1058 4867 34.
1078 4811 1202 4882 πατρίδα
1216 4809 1342 4883 (πατρίδ’
1359 4813 1460 4884 Klots)
1472 4810 1533 4885 cet]
