3314 5460
196 366 260 430 184
646 363 683 416 nt.
703 361 808 415 TVLLI
828 359 1017 435 CICERONIS

196 527 290 612 mihi,
322 528 591 613 quemadmodum
623 525 753 610 scribis,
789 523 954 610 longiores
991 524 1076 588 forte
1108 522 1267 607 misisses,
1305 546 1343 588 ac
1375 523 1522 590 velim:

195 636 333 718 postliac
357 636 404 700 sic
427 641 568 717 statuas,
596 637 670 698 tuas
697 632 777 697 mihi
800 632 928 697 litteras
951 630 1162 717 longissimas
1186 653 1333 716 quasque
1356 630 1522 717 gratis—.

195 740 296 805 simas
319 742 396 807 fore.

772 1092 893 1174 vul.

763 1307 787 1370 1.
821 1304 903 1393 (rr.)

595 1450 785 1518 clamve
809 1447 1021 1515 oronnonl
1045 1449 1078 1515 s.
1492 1468 1504 1508 s

163 1612 174 1657 1
285 1593 376 1669 Quod
410 1594 471 1658 tibi
504 1594 659 1658 decedens
696 1591 863 1677 pollicitus
900 1614 972 1656 sum
1009 1614 1060 1657 me
1094 1613 1206 1657 omnes
1243 1613 1296 1657 res
1332 1592 1475 1657 urbanas

196 1698 446 1783 diligentissime
470 1700 531 1764 tibi
555 1699 823 1784 perscripturum,
847 1699 925 1762 data
948 1719 1046 1780 opera
1069 1699 1190 1783 parari,
1213 1699 1269 1783 qui
1295 1699 1342 1764 sic
1367 1699 1477 1764 omnia

196 1810 456 1890 persequeretur,
492 1810 529 1870 ut
560 1828 686 1890 verear,
717 1828 758 1870 ne
791 1805 853 1869 tibi
885 1804 1022 1869 nimium
1055 1810 1174 1891 arguta
1204 1805 1284 1871 haec
1317 1805 1478 1870 sedulitas

196 1911 360 1996 rideatur3
399 1912 531 1976 tametsi
564 1915 601 1977 tu
634 1913 701 1977 scio
735 1934 831 1995 quam
864 1911 909 1975 sis
943 1910 1089 1977 curiosus
1121 1916 1155 1977 et
1187 1934 1286 1995 quam
1322 1912 1481 1976 omuibus

198 2018 482 2103 peregrinantibus
511 2023 641 2104 gratum
670 2018 713 2083 sit
742 2017 949 2083 minimarum
981 2040 1109 2102 quoque
1132 2040 1255 2105 rerum,
1283 2040 1369 2103 qius
1393 2019 1522 2083 domin

197 2130 365 2209 gerantur,
391 2126 461 2190 fieri
485 2126 649 2190 certiores.
692 2129 802 2190 tamen
826 2125 861 2188 in
883 2124 946 2188 hoc
969 2128 1002 2188 te
1025 2125 1192 2209 deprecor,
1219 2148 1260 2190 ne
1284 2147 1398 2190 meum
1421 2125 1487 2190 hoe

199 2232 343 2297 officium
367 2232 578 2317 adrogantiae
603 2232 806 2315 condemnes,
830 2231 916 2316 qnod
935 2231 1021 2297 hunc
1039 2232 1186 2297 laborem
1206 2231 1304 2296 alteti
1322 2230 1489 2317 delegavi,

197 2361 263 2403 non
295 2339 373 2422 quin
407 2338 488 2402 milri
522 2339 752 2402 suavissimum
785 2338 830 2402 sit
857 2341 891 2401 et
920 2342 1077 2422 occupato
1105 2341 1139 2403 et
1167 2338 1208 2402 ad
1239 2337 1375 2403 lituras
1410 2339 1489 2403 scri-

198 2446 332 2527 bendas,
365 2450 403 2510 ut
429 2449 466 2509 tu
493 2445 598 2528 nosti,
628 2445 805 2530 pigerrimo
835 2448 910 2509 tuae
938 2444 1113 2510 memoriae
1141 2445 1217 2509 dare
1245 2466 1397 2528 operam,
1431 2446 1489 2509 sed

199 2552 305 2635 ipsum
329 2553 489 2635 volumen,
513 2552 596 2636 quod
622 2551 683 2615 tibi
709 2550 792 2633 misi,
815 2551 920 2636 facile,
943 2555 981 2614 ut
1000 2572 1062 2637 ego
1086 2552 1238 2634 arbitror,
1261 2573 1313 2615 me
1338 2557 1522 2617 excusatu

169 2678 173 2687 ·
198 2659 307 2723 nescio
336 2658 452 2741 quoius
481 2657 539 2722 otii
568 2662 655 2722 essct
682 2681 747 2721 nou
776 2658 872 2722 morlo
903 2658 1103 2741 perscribere
1134 2658 1229 2741 haec,
1261 2658 1318 2722 sed
1350 2658 1490 2723 omuino

198 2765 467 2847 animadvertere,
500 2765 609 2829 omnia
636 2765 722 2829 euim
747 2769 824 2829 suut
848 2764 893 2828 ibi
918 2787 941 2827 s.
966 2786 991 2828 c.
1015 2764 1139 2847 edicta,
1167 2763 1295 2829 fabulae
1319 2787 1490 2849 rumores,

199 2872 285 2955 quod
308 2871 489 2956 exemplum
513 2872 540 2935 si
565 2872 648 2936 forte
672 2871 779 2936 minus
802 2876 835 2935 te
855 2871 1033 2955 delectarit,
1056 2894 1096 2936 ne
1116 2871 1303 2936 molestiam
1323 2872 1390 2937 tibi
1412 2895 1488 2938 cum

165 2998 180 3042 ι)
201 2978 335 3062 inpensa
358 2999 429 3041 mea
452 2977 637 3061 exhibeam,
664 2979 715 3042 fac
744 3000 794 3042 rue
821 2978 1000 3043 certiorem
1048 2979 1076 3042 si
1100 2979 1179 3063 qnid
1201 2977 1236 3042 in
1261 3000 1295 3041 re
1319 3002 1353 3063 p.
1379 2980 1487 3044 maius

291 3176 314 3224 1.
333 3169 380 3223 lon
404 3168 468 3223 'oris
488 3171 524 3224 M
548 3172 557 3238 Ι)
585 3176 608 3224 3.
635 3170 703 3225 fore.
732 3169 767 3225 M.
792 3170 899 3225 TVLLI
927 3170 1118 3226 CICERONIS
1146 3169 1410 3225 EPISTVLARVM
1438 3172 1488 3225 ΔΙ)

200 3242 237 3295 Μ.
262 3241 354 3293 MAltI
439 3241 485 3294 ET
513 3240 676 3296 CETEROS
704 3241 806 3297 EXPL.
836 3242 865 3309 (l.
884 3242 963 3295 vnn·
986 3243 1050 3297 odd.
1077 3244 1116 3311 R)
1144 3242 1212 3297 INC.
1242 3240 1409 3296 EIVSDEM
1439 3243 1488 3295 AD

201 3313 237 3366 M.
262 3311 423 3366 CAELIVM
446 3311 635 3365 FELICITER
662 3311 1026 3381 (uulneratorum
1052 3316 1062 3382 l
1088 3319 1113 3368 4.
1133 3315 1220 3369 Libro
1237 3320 1335 3368 octow
1354 3316 1388 3367 iu
1406 3314 1434 3369 G
1454 3346 1486 3354 —

201 3384 263 3438 MR
281 3389 374 3438 carent
394 3414 427 3422 -
446 3384 491 3436 bic
543 3387 672 3438 omissus
690 3390 728 3438 est
748 3385 848 3438 iudea:
872 3390 896 3438 1.
916 3383 1009 3438 Celius
1029 3383 1150 3439 ciceroni
1169 3383 1310 3452 salutm!
1329 3382 1413 3449 Quod
1433 3383 1487 3438 tibi

202 3454 339 3509 dedecens
358 3456 419 3521 (sic)
433 3456 443 3521 ΙΙ
457 3459 481 3507 2.
523 3453 595 3507 elius
614 3453 734 3509 ciceroni
754 3453 874 3508 salutem
891 3460 894 3521 Ι
912 3454 991 3509 Certe
1010 3453 1126 3524 iuquam
1145 3455 1292 3509 absolutus
1313 3458 1325 3524 ll
1346 3460 1372 3510 3.
1392 3454 1487 3511 Celius

202 3524 321 3579 ciceroni
347 3523 468 3578 salutm
485 3532 488 3591 1
504 3523 557 3578 Est
578 3541 613 3579 ne
637 3524 693 3578 uici
716 3528 746 3579 et
770 3525 823 3579 tibi
850 3528 860 3594 ΙΙ
887 3532 912 3581 4.
936 3525 1029 3579 Celius
1057 3525 1178 3581 ciceroni
1207 3525 1330 3580 salutem
1347 3532 1351 3593 Ι
1368 3526 1487 3581 Inuideo

201 3596 256 3650 tibi
282 3599 292 3664 Ι)
320 3602 343 3650 5.
364 3595 457 3649 Cetius
481 3595 601 3649 ciceroni
626 3595 747 3649 salutem
763 3602 766 3662 Ι
784 3595 845 3661 Qua
864 3598 894 3650 tu
914 3614 981 3652 cura
1002 3596 1040 3650 sis
1067 3600 1076 3667 Ι)
1104 3602 1142 3652 6⁸.
1161 3598 1239 3668 (119)
1259 3597 1376 3651 Marcus
1394 3597 1487 3652 cicero

201 3665 361 3737 proconsuli
386 3669 445 3735 (sic)
470 3666 591 3720 salutem
615 3666 640 3720 d.
660 3667 697 3721 M.
722 3667 793 3721 celio
817 3685 872 3722 cur.
898 3668 955 3722 des.
983 3670 992 3735 l
1019 3670 1057 3722 δ”,
1077 3667 1170 3722 Celius
1189 3666 1310 3722 ciceroni
1339 3668 1482 3739 salutans.

202 3738 265 3791 Non
284 3737 383 3791 dubito
405 3739 414 3805 ΙΙ
436 3742 459 3792 7.
479 3737 572 3791 Cetius
591 3737 712 3792 ciceroni
732 3738 852 3791 salutem
868 3744 872 3805 )
889 3737 978 3803 Quam
998 3738 1054 3792 cito
1073 3741 1104 3792 tu
1123 3739 1207 3793 istinc
1224 3742 1234 3808 )Ι
1252 3746 1277 3794 8.
1297 3738 1394 3794 Celius
1413 3739 1484 3795 cice-

202 3808 263 3862 roni
283 3809 402 3863 snlntem
419 3818 422 3875 j
439 3808 501 3862 Etsi
521 3809 555 3861 de
575 3808 614 3861 lte
633 3808 749 3877 publica
771 3812 780 3877 Ι)
803 3815 827 3864 9.
848 3808 941 3863 Celins
960 3809 1079 3864 ciceroni
1104 3809 1225 3864 salutem
1241 3815 1245 3875 Ι
1262 3808 1308 3864 Sic
1328 3813 1361 3864 tu
1380 3811 1483 3881 inquis.

202 3879 350 3933 Finiuntur
373 3879 506 3947 capitula.
544 3878 719 3948 Incipiuntur
741 3883 802 3948 (sic)
826 3880 962 3950 epistolae
987 3880 1057 3935 Celii
1080 3879 1220 3935 Ciceronis
1247 3884 1257 3951 l
1285 3888 1310 3934 b.
1336 3884 1371 3937 de
1396 3882 1484 3938 Caelii

202 3968 295 4018 periero
318 3952 428 4004 dicendi
453 3952 598 4019 dilipeuter
620 3968 708 4019 uesper
730 3955 903 4006 commentati
920 3960 985 4006 suist
1005 3952 1055 4007 Fr.
1071 3954 1151 4024 Bury
1169 3955 1234 4007 diss.
1256 3951 1394 4023 Fribury.
1416 3958 1484 4007 lass

201 4030 225 4077 ct
246 4022 280 4075 F.
296 4023 398 4076 Becher
413 4040 506 4091 ruopr.
526 4022 622 4088 Ilselol.
644 4026 726 4088 1888,
753 4024 851 4090 quibus
873 4025 1111 4078 dissertationibus
1133 4024 1256 4091 effectum
1273 4030 1314 4078 est
1332 4032 1366 4079 ut
1382 4026 1485 4080 multae

200 4094 340 4148 homiuum
358 4094 497 4147 doctorum
516 4094 691 4146 correctiones
710 4095 841 4148 oblivioni
859 4096 917 4148 iam
931 4097 1039 4163 possint
1058 4096 1141 4149 tradr'.
1174 4112 1293 4149 morsum
1312 4096 1365 4150 bns
1382 4098 1485 4165 epista-

202 4166 244 4218 lus
270 4165 387 4218 ederulos
415 4166 522 4218 curavit
546 4164 588 4216 lt'.
605 4163 643 4216 Il.
659 4163 695 4218 D.
711 4164 848 4234 Suriaque
870 4166 972 4235 (Lupd.
995 4166 1062 4219 But.
1086 4167 1180 4235 1846),
1209 4166 1297 4220 Caelii
1326 4169 1486 4223 orationum

200 4237 356 4306 t'rrrpuuutu
375 4237 522 4303 composuit
543 4234 580 4287 II.
596 4234 690 4303 dieue-r
709 4252 747 4289 or.
766 4252 831 4290 rom.
851 4238 900 4300 [π’
920 4237 1029 4303 (Tutini
1050 4240 1128 4305 1842)
1145 4254 1173 4305 p.
1188 4241 1287 4306 ttosq.
1321 4238 1484 4309 Pluygers&

202 4309 371 4360 coniecturae
399 4312 494 4359 estant
520 4306 650 4359 Milesios.
671 4305 715 4359 XI.
742 4310 817 4360 1862.
840 4324 869 4375 p.
885 4312 936 4360 ‘267
946 4325 984 4376 sq.
1008 4308 1175 4379 (zPluypers
1201 4310 1242 4376 1),
1269 4310 1380 4363 caedem
1407 4312 1485 4365 uouit

202 4378 308 4446 aliquot
331 4378 436 4430 adelitia
459 4378 525 4429 ibid.
551 4394 609 4431 uos.
628 4394 678 4430 ser.
697 4376 742 4430 IX.
764 4382 840 4431 18c1.
861 4397 886 4446 p.
903 4383 1000 4447 lltsq.
1026 4382 1048 4447 (z
1062 4379 1196 4448 l'luypers
1214 4382 1242 4443 2)
1264 4380 1275 4447 l
1297 4383 1324 4433 6.
1346 4378 1484 4435 decedens

202 4448 351 4514 (dedecens
372 4449 421 4518 til]
446 4446 592 4501 discedens
612 4449 635 4500 Ι.
653 4448 688 4499 1¹⁸.
705 4449 873 4516 Gronovius,
896 4452 959 4515 t‘ort.
984 4457 1059 4503 recte.
1088 4447 1245 4503 discedenti
1267 4451 1322 4503 ulii
1346 4453 1394 4520 (cs.
1415 4453 1483 4507 seu

202 4519 870 4659 31¹5?thlittltfllsllt'·llilli
884 4519 1131 4659 tullttld
1147 4520 1310 4645 Edisti
1327 4521 1484 4649 lest

205 4666 244 4712 16.
265 4659 359 4713 nescio
386 4659 485 4726 quoius
505 4662 551 4727 Μ,
580 4677 630 4713 noc
654 4659 677 4711 si
701 4660 776 4727 quod
801 4661 844 4713 ius
864 4633 919 4716 dr'It
946 4667 955 4731 )Ι
984 4667 1024 4716 17.
1049 4662 1267 4717 animatuertcre
1286 4611 1485 4730 Ill,panimatr

203 4747 267 4782 uere
290 4732 314 4784 C
337 4735 346 4798 Ι)
370 4729 410 4783 ibi
434 4749 484 4784 oue
505 4732 559 4785 CR
582 4735 590 4797 Ι)
614 4730 718 4799 edicta]
744 4730 836 4784 dictae
856 4734 929 4799 ΜΘ,
954 4733 1028 4787 dicte
1047 4734 1075 4788 lt
1102 4738 1111 4804 l
1140 4738 1181 4788 19.
1205 4732 1368 4806 exhibeam]
1393 4753 1430 4791 ex
1453 4752 1487 4791 ea

204 4799 289 4853 hibea
308 4802 349 4868 M,
368 4799 502 4854 exhibeat
520 4801 559 4854 Β]
580 4820 613 4855 ex
631 4801 739 4869 exibea,
760 4819 792 4855 ex
811 4819 844 4856 eu
864 4803 969 4861 habeat
989 4806 1014 4858 G
