3314 5460
209 383 273 447 338
659 383 697 436 M.
716 380 823 437 TVLLI
842 382 1031 439 CICERONIS

207 548 300 611 valde
324 553 362 611 ut
385 546 613 632 philosophus,
636 552 751 631 postea
774 552 883 612 tamen
906 552 944 612 ιιι
967 548 1016 612 vir
1039 549 1144 613 bonus
1167 553 1201 612 et
1224 547 1333 613 suavis
1361 552 1397 613 et
1420 549 1492 614 offi-

172 654 314 720 aciosua
347 656 563 739 probabatur,
595 654 736 719 traditus
770 655 850 719 mihi
884 654 1191 740 commendatusque
1224 661 1287 719 est:
1324 655 1352 719 is
1386 655 1493 740 igitur

206 759 305 826 Patro
330 784 403 826 cum
432 761 472 825 ad
501 784 552 825 me
577 761 715 826 Romam
743 761 872 826 litteras
901 762 1058 846 misisset,
1091 763 1140 826 nti
1169 767 1202 826 te
1233 762 1297 827 sibi
1324 763 1493 846 placarem

205 873 427 952 peteremque,
459 873 496 932 ut
527 869 637 933 nescio
671 869 747 953 quid
780 869 860 933 illud
889 869 1024 952 Epicuri
1056 868 1292 953 parietinarum
1320 870 1385 934 sibi
1416 859 1492 935 con-

206 975 348 1059 cederes,
377 975 460 1040 nihil
484 976 602 1061 scripsi
627 976 665 1040 ad
691 981 723 1040 te
752 977 794 1040 ob
823 999 895 1040 eam
923 998 1005 1059 rem,
1033 976 1119 1060 quod
1147 976 1384 1042 aedificationis
1412 983 1492 1042 tuae
1520 999 1533 1038 a

205 1083 377 1147 consilium
405 1083 688 1148 commendatione
719 1106 791 1147 mea
822 1083 974 1148 nolebam
1001 1082 1166 1168 impediri,
1198 1083 1316 1169 eidem,
1348 1088 1387 1148 ut
1414 1085 1492 1149 veni

203 1188 365 1274 Athenas,
399 1213 486 1274 cum,
517 1190 603 1254 idem
635 1191 674 1254 ad
706 1194 738 1254 te
768 1191 956 1274 scriberem,
990 1195 1154 1276 rogasset,
1186 1191 1229 1255 ob
1257 1214 1327 1256 eam
1357 1214 1492 1257 causam

204 1295 406 1381 impetravit,
437 1296 523 1380 quod
551 1301 583 1360 te
608 1296 765 1362 abiecisse
794 1297 886 1362 illam
914 1295 1172 1362 aedificationem
1201 1299 1376 1364 constabat
1401 1299 1493 1363 inter

168 1422 318 1469 lomnes
351 1404 473 1468 amicos
506 1408 591 1468 tuos.
642 1403 728 1487 quod
756 1403 784 1467 si
812 1404 860 1467 ita
888 1406 938 1468 est
966 1408 1000 1467 et
1028 1404 1056 1467 si
1087 1404 1155 1469 iam
1188 1410 1246 1470 tua
1277 1406 1373 1490 plane
1405 1405 1491 1470 nihil

203 1510 349 1595 interest,
374 1511 480 1595 velim,
504 1509 532 1575 si
557 1532 621 1593 qua
645 1510 880 1576 offensiuncula
902 1510 991 1575 facta
1014 1514 1065 1575 est
1083 1512 1184 1576 animi
1202 1513 1252 1576 tui
1271 1513 1492 1598 perversitate
1506 1534 1531 1571 ro

205 1617 387 1701 aliquorum
407 1655 451 1663 -
469 1617 546 1681 novi
570 1616 656 1680 enim
679 1621 812 1703 gentem
834 1617 926 1681 illam
945 1653 1003 1701 -,
1026 1618 1081 1682 des
1105 1622 1138 1682 te
1166 1619 1206 1683 ad
1235 1619 1405 1684 lenitatem
1435 1619 1491 1683 vel

202 1730 338 1808 propter
352 1747 513 1789 summam
529 1724 767 1790 humanitatem
782 1725 834 1788 vel
849 1725 949 1789 etiam
963 1724 1097 1789 honoris
1113 1725 1178 1789 mei
1193 1747 1299 1791 causa.
1327 1725 1491 1810 equidem,

204 1821 242 1917 si,
266 1833 342 1916 quid
361 1833 431 1916 ipse
451 1832 601 1917 sentiam,
621 1833 760 1918 quaeris,
778 1855 836 1897 nee
857 1854 914 1897 cur
932 1831 987 1896 ille
1006 1835 1177 1915 tantopere
1196 1832 1373 1898 contendat
1393 1833 1491 1897 video

203 1960 262 2003 nec
286 1961 342 2004 our
366 1943 403 2003 tu
426 1960 601 2025 repugnes,
629 1939 694 2003 nisi
717 1943 828 2004 tamen
856 1939 960 2003 multo
989 1939 1096 2002 minus
1125 1938 1187 2003 tibi
1216 1938 1349 2004 concedi
1376 1942 1491 2023 potest

204 2067 301 2129 quam
324 2045 374 2109 illi
397 2045 547 2111 laborare
571 2046 640 2110 sine
665 2068 775 2131 causa,
799 2067 996 2129 quamquam
1014 2044 1167 2110 Patronis
1192 2050 1225 2110 et
1249 2046 1434 2110 orationem
1457 2050 1490 2110 et
1504 2067 1530 2106 ιι

203 2174 334 2216 eausam
359 2153 422 2216 tibi
446 2153 613 2239 cognitam
637 2175 708 2217 esse
728 2157 816 2218 certo
837 2152 918 2217 scio:
941 2152 1108 2235 honorem,
1133 2151 1287 2236 officium,
1311 2156 1491 2218 testamen·

203 2264 312 2323 torum
345 2259 409 2343 ius,
446 2259 580 2343 Epicuri
614 2260 857 2342 auctoritatem,
890 2258 1030 2323 Phaedri
1064 2260 1335 2346 optestationem,
1367 2261 1490 2345 sedem,

203 2366 418 2449 domicilium,
451 2367 590 2453 vestigia
623 2388 823 2431 summorum
855 2365 1025 2430 hominum
1057 2366 1120 2430 sibi
1148 2366 1269 2431 tuenda
1296 2388 1368 2432 esse
1398 2368 1490 2433 dicit.

203 2478 308 2537 totam
332 2473 473 2537 hominis
501 2474 603 2538 vitam
631 2473 871 2557 rationemque,
903 2494 1001 2556 quam
1030 2471 1177 2556 sequitur
1203 2473 1238 2538 in
1265 2474 1490 2561 philosophia,

202 2580 402 2644 derideamus
427 2581 517 2666 licet,
541 2581 569 2645 si
593 2580 677 2644 hane
702 2580 771 2644 eius
795 2579 1039 2644 contentionem
1062 2578 1211 2645 volumus
1236 2580 1490 2667 reprehendere3
1504 2606 1530 2644 ao

201 2688 256 2752 sed
281 2687 495 2774 mehercules,
529 2688 683 2771 quoniam
711 2687 760 2750 illi
789 2686 984 2770 ceterisque,
1015 2707 1096 2770 quos
1124 2687 1181 2752 illa
1210 2687 1389 2774 delectant,
1422 2713 1490 2755 non

201 2795 292 2860 valde
316 2796 440 2860 inimici
464 2818 591 2881 sumus,
617 2794 727 2859 nescio
752 2817 793 2858 an
816 2793 1051 2879 ignoscendum
1076 2794 1120 2858 sit
1142 2794 1232 2879 huic,
1260 2795 1288 2859 si
1312 2799 1489 2881 tantopere

200 2902 343 2988 laborat,
375 2903 409 2966 in
440 2924 505 2986 quo
534 2901 662 2967 etiamsi
691 2905 818 2986 peccat,
851 2902 955 2986 magis
984 2899 1117 2984 ineptiis
1146 2923 1244 2984 quarn
1271 2899 1489 2987 improbitate

166 3014 324 3092 epeccat.
366 3008 431 3093 sed,
454 3032 494 3074 ne
517 3009 612 3094 plura
630 3044 674 3054 -
692 3006 862 3072 dicendum
886 3007 973 3071 enim
1002 3007 1176 3092 aliquando
1201 3012 1251 3072 est
1269 3045 1328 3092 -,
1346 3008 1489 3096 Pompo

200 3116 291 3179 nium
311 3116 459 3181 Atticum
484 3115 530 3180 sic
554 3136 637 3201 amo,
662 3120 699 3179 ιιι
722 3116 861 3179 alterum
885 3114 1038 3199 fratrem,
1060 3114 1143 3179 nihil
1166 3119 1217 3178 est
1241 3115 1299 3179 illo
1324 3116 1409 3180 mihi
1427 3141 1488 3183 nec
1504 3137 1530 3176 ιι»

201 3221 307 3287 carius
334 3245 393 3287 nee
421 3222 605 3286 iucundius:
639 3223 666 3285 is
685 3259 729 3268 —
752 3243 819 3286 uon
848 3244 911 3305 quo
941 3221 984 3285 sit
1012 3244 1051 3285 ex
1078 3221 1166 3305 istis3
1199 3227 1250 3286 est
1277 3222 1367 3288 enim
1397 3226 1488 3289 omni

199 3329 328 3394 liberali
360 3329 509 3394 doctrina
540 3329 777 3414 politissimus,
808 3328 863 3393 sed
896 3328 988 3392 valde
1021 3328 1132 3413 diligit
1164 3326 1358 3415 Patronem,
1393 3332 1487 3396 valde

200 3437 384 3501 Phaedrum
404 3436 526 3502 amavit
544 3474 588 3483 -
607 3436 654 3501 sic
678 3458 697 3499 a
720 3457 772 3499 me
795 3435 856 3498 hoc
881 3434 1061 3518 contendit,
1090 3433 1190 3500 homo
1219 3434 1354 3501 minime
1384 3439 1487 3502 ambi-

200 3545 318 3628 tiosus,
346 3545 479 3609 minime
502 3544 537 3608 in
560 3543 704 3629 rogando
729 3541 900 3619 molestus,
927 3546 966 3605 ιιι
989 3541 1071 3605 nihil
1094 3564 1250 3627 umquam
1273 3543 1399 3628 magis,
1426 3567 1487 3610 nec

198 3652 336 3736 dubitat,
360 3652 438 3735 quin
463 3673 523 3736 ego
548 3673 567 3715 a
591 3655 623 3715 tc
646 3654 728 3713 nutu
752 3648 814 3712 hoo
838 3648 992 3733 consequi
1014 3669 1154 3733 possem,
1181 3648 1312 3714 etiamsi
1336 3649 1525 3717 aedifica-ro

198 3763 292 3823 turus
326 3779 431 3844 esses3
462 3780 548 3822 nuno
580 3779 670 3838 ver0,
704 3756 731 3819 si
765 3754 904 3818 audierit
937 3758 969 3817 te
1002 3754 1261 3821 aedificationem
1294 3755 1487 3841 deposuisse

197 3886 302 3949 neque
326 3869 437 3929 tamen
460 3888 510 3929 me
534 3887 554 3927 a
576 3869 608 3928 te
637 3864 845 3946 impetrasse,
876 3883 943 3925 non
971 3866 1003 3925 te
1031 3862 1065 3925 in
1093 3884 1145 3926 me
1175 3861 1399 3950 inliberalem,
1430 3867 1485 3930 sed

289 4015 311 4058 1.
331 4006 414 4059 valde
429 4024 478 4058 orn.
495 4005 528 4057 H
538 4008 548 4073 lt
562 4004 668 4074 tamen]
689 4002 776 4056 etiam
791 4001 870 4055 Cobet
885 4002 1026 4068 (Morinos.
1042 4001 1114 4056 VIII.
1132 4007 1209 4057 1880.
1221 4021 1250 4071 p.
1262 4005 1334 4074 193),
1356 4006 1468 4060 iniuria
1484 4070 1486 4075 ἲ

199 4083 222 4130 2.
241 4077 417 4145 probabatur
435 4077 480 4141 M,
508 4075 645 4145 probatur
664 4074 725 4127 HD
747 4075 756 4141 Η
779 4071 901 4125 traditus
927 4071 997 4126 mihi
1020 4073 1288 4144 commendatusque
1313 4078 1359 4128 cst
1379 4076 1421 4146 D,
1451 4080 1484 4131 tr.

198 4147 322 4215 mihique
342 4147 609 4214 commendatusque
624 4147 667 4199 est
681 4146 722 4208 M,
741 4147 775 4197 tr.
790 4142 915 4210 mihique
930 4146 974 4198 est
987 4144 1200 4198 commendatus
1214 4144 1249 4198 Η
1258 4147 1268 4215 ll
1283 4151 1308 4201 4,
1323 4149 1358 4199 nt
1371 4165 1422 4202 om.
1436 4148 1471 4201 Η

199 4224 221 4272 ῡ.
242 4220 279 4272 ad
297 4223 326 4272 te
345 4221 391 4285 M,
410 4217 463 4272 tibi
483 4218 544 4272 HD
570 4220 580 4286 ΙΙ
608 4223 630 4270 ιι.
651 4215 787 4284 impedire
805 4214 835 4268 D
853 4217 862 4283 {l
880 4213 972 4267 eidem
990 4217 1023 4268 nt
1041 4216 1087 4283 M,
1114 4214 1205 4269 eidem
1228 4232 1293 4269 cum
1311 4217 1356 4286 D,
1379 4220 1413 4272 nt
1431 4219 1486 4288 Hl

199 4296 221 4344 7.
240 4289 317 4344 idem
334 4291 375 4357 M,
394 4289 469 4343 idem
488 4292 520 4342 nt
539 4289 600 4341 HD
613 4294 622 4353 ss
637 4294 678 4341 10.
699 4285 864 4340 offensicula
882 4286 922 4354 D,
944 4286 1115 4340 offensacula
1134 4287 1167 4340 H
1178 4290 1187 4356 ΙΙ
1203 4292 1244 4342 11.
1265 4287 1315 4341 des
1335 4291 1366 4343 te
1385 4289 1423 4343 ad
1443 4291 1485 4359 Μ,

172 4374 178 4383 ·
197 4362 293 4415 deesse
314 4361 359 4429 (de
375 4377 434 4414 esse
449 4361 480 4412 11
485 4364 495 4429 )
510 4360 546 4413 ad
561 4360 622 4413 HD
636 4364 644 4428 ΙΙ
658 4358 705 4412 uel
719 4359 761 4425 M,
780 4356 855 4410 idem
870 4357 908 4422 H,
928 4356 959 4408 id
973 4357 1003 4410 D
1016 4361 1025 4424 ll
1041 4364 1081 4411 12.
1101 4360 1180 4411 tuam
1194 4366 1257 4412 arcte
1273 4360 1314 4413 vel
1323 4369 1392 4429 post
1410 4379 1484 4414 sum·

196 4450 271 4484 mam
291 4434 343 4486 clii
360 4434 484 4487 inserunt
498 4436 507 4499 ll
524 4437 563 4486 13.
583 4431 643 4500 ipsc
658 4449 708 4484 om.
724 4429 757 4482 H
768 4431 777 4497 ll
791 4430 870 4481 tanto
885 4444 968 4496 opere
983 4444 999 4486 ς
1013 4432 1022 4497 ΙΙ
1038 4435 1079 4483 14.
1096 4435 1136 4484 lo.
1156 4430 1252 4498 potest
1271 4430 1389 4502 <faeere
1408 4430 1484 4487 nolle

197 4504 272 4570 quod
299 4503 401 4576 potes>
430 4520 514 4571 quam
543 4504 686 4556 Lehmann
714 4501 885 4570 (Ἷιιινειιιν.
910 4501 936 4553 d.
957 4501 1027 4568 phil.
1052 4500 1123 4554 Ver!
1149 4499 1221 4555 XIV.
1246 4505 1325 4556 1888.
1347 4521 1379 4571 p.
1399 4508 1485 4571 256)'

197 4581 238 4628 15.
257 4574 370 4643 patroni
389 4574 498 4636 111116.
519 4576 593 4627 certe
614 4574 646 4626 ll
660 4576 669 4641 u
690 4580 730 4625 19.
750 4571 850 4639 ritum]
871 4569 946 4623 viam
974 4572 1130 4640 Wesenberq
1147 4572 1157 4637 ss
1176 4577 1218 4624 22.
1237 4573 1320 4626 tanto
1341 4590 1427 4644 opere
1447 4592 1463 4633 ς

196 4650 238 4698 27.
253 4649 403 4714 patronum
416 4647 448 4698 H
459 4651 577 4714 [128229.
594 4645 676 4699 ιιοιιιο
691 4642 805 4695 minime
821 4641 987 4695 ambitiosus
998 4643 1039 4711 M,
1059 4641 1172 4696 homine
1189 4642 1361 4699 ambitiosus
1372 4646 1409 4715 D,
1426 4662 1485 4700 nm·

196 4766 315 4821 bitiosus
335 4770 369 4821 H
379 4774 389 4839 Η
408 4776 450 4824 29.
470 4774 501 4824 ut
519 4773 561 4837 M,
581 4789 629 4825 oni.
650 4769 712 4823 HD
725 4771 734 4836 ΙΙ
756 4773 796 4820 30.
819 4765 932 4821 dubitat
950 4768 992 4835 M,
1012 4767 1165 4822 dubitabat
1183 4768 1244 4822 HD
1262 4770 1271 4838 ΙΙ
1291 4775 1334 4823 32.
1355 4769 1385 4824 in
1405 4739 1486 4826 mcli-

196 4838 328 4907 heralem,
349 4847 394 4893 ῖιι
414 4842 459 4893 ΜΙ
479 4845 519 4896 rel
539 4843 597 4910 MC,
618 4844 651 4894 M
