3286 5460
198 367 263 433 248
653 367 690 422 n.
709 366 816 421 svam
834 363 1023 421 mansonis

199 536 283 615 tum,
311 531 410 595 etiam
438 529 549 595 invitis
578 531 786 615 quibusdam,
815 529 905 614 sciri,
932 528 1010 613 quid
1037 527 1201 594 defensuri
1224 548 1385 612 essemus,
1411 547 1470 590 non

198 642 285 704 esset
306 638 534 722 periculosum.
579 637 628 704 ita
651 659 817 721 nunquam
845 635 1011 701 diffitebor
1039 635 1144 700 multa
1166 656 1231 719 me,
1260 637 1299 698 ut
1322 633 1363 698 ad
1388 632 1470 699 effec-

199 750 268 809 tum
291 745 408 809 horum
432 743 643 810 consiliorum
671 743 886 829 pervenirem,
914 748 948 807 et
970 743 1142 808 simulasse
1164 740 1305 807 invitum
1328 744 1363 805 et
1386 739 1472 806 dissi·

198 853 337 917 mulassc
365 874 438 917 cum
468 853 593 936 dolore,
622 851 722 937 quod,
751 855 959 936 praematura
987 848 1190 915 denuntiatio
1212 846 1291 913 boni
1315 845 1398 913 civis
1421 847 1474 912 im·

162 977 177 1025 s
197 959 304 1043 parati
324 981 421 1044 quam
440 959 623 1044 periculosa
642 963 737 1042 esset,
756 981 795 1023 ex
814 980 891 1023 casu
911 958 1064 1043 conlegae
1079 956 1237 1022 videbam.
1261 977 1327 1039 quo
1345 955 1474 1020 nominc
1495 974 1505 1014 ε

197 1067 296 1131 etiam
316 1063 350 1130 Ο.
369 1065 492 1131 Furnio
511 1064 631 1152 legate,
655 1066 724 1131 viro
748 1064 827 1130 lorti
850 1069 949 1149 atque
971 1068 1113 1148 strenuo,
1136 1063 1231 1149 plura
1253 1061 1354 1128 etiam
1379 1062 1475 1128 verbo

199 1195 295 1257 quam
319 1173 483 1257 scriptura
502 1173 655 1237 mandata
672 1172 829 1256 dedimus,
853 1176 891 1236 ut
913 1175 947 1235 et
969 1171 1087 1237 tectius
1110 1170 1151 1235 ad
1175 1191 1233 1236 vos
1255 1168 1477 1254 perferrentur

198 1285 230 1344 et
257 1301 317 1344 nos
347 1301 490 1344 essemus
520 1279 673 1364 tutiores,
706 1278 888 1363 quibusque
917 1278 1014 1342 rebus
1041 1280 1075 1342 et
1103 1298 1308 1343 communem
1337 1276 1477 1341 salutem

199 1385 318 1451 muniri
351 1390 383 1450 et
415 1407 474 1451 nos
507 1386 626 1450 armari
660 1385 848 1451 conveniret
880 1385 1111 1470 praecepimus.
1162 1406 1201 1449 ex
1233 1406 1297 1468 quo
1330 1383 1478 1470 intellegi

198 1497 308 1577 potest
344 1515 455 1557 curam
487 1492 533 1557 rei
566 1516 595 1576 p.
629 1515 774 1557 summae
811 1491 1032 1558 defendnndae
1068 1490 1261 1575 iampridem
1299 1491 1387 1575 apud
1420 1511 1479 1555 nos
1493 1511 1514 1549 rc

163 1600 366 1665 sexcubare.
412 1621 510 1682 nunc,
540 1621 613 1664 eum
642 1600 737 1664 deum
765 1599 968 1684 benignitate
997 1599 1038 1663 ab
1067 1599 1156 1663 omni
1183 1620 1218 1663 re
1246 1618 1359 1663 sumus
1387 1619 1479 1682 para·

199 1707 313 1790 tiores,
345 1728 411 1771 non
438 1704 543 1770 solnm
571 1705 653 1771 bene
684 1728 814 1790 sperare
842 1706 881 1771 de
908 1705 1003 1770 nobis
1030 1705 1193 1789 homines,
1227 1705 1282 1768 sed
1310 1698 1480 1790 explorate

200 1813 341 1877 iudicare
373 1812 536 1877 volumus:
569 1812 714 1898 legiones
741 1812 846 1877 habeo
876 1812 1017 1897 quinque
1046 1812 1107 1876 sub
1135 1811 1238 1897 signis
1267 1815 1300 1876 et
1328 1834 1390 1876 sua
1418 1811 1480 1875 fide

199 1919 383 2002 virtuteque
408 1918 454 1983 rei
476 1942 507 2003 p.
532 1918 814 1985 coniunctissimas
843 1923 877 1983 et
904 1924 1018 1984 nostra
1047 1918 1245 1984 liberalitate
1268 1918 1365 1983 nobis
1390 1919 1482 1983 obse

200 2030 349 2110 quentes,
379 2026 581 2109 provinciam
610 2026 756 2091 omnium
784 2025 968 2090 eivitatium
992 2047 1150 2091 consensu
1178 2024 1425 2110 paratissimam
1450 2030 1483 2090 et
1497 2047 1520 2084 n

200 2155 328 2197 summa
356 2132 565 2197 contentione
593 2133 632 2197 ad
661 2132 770 2198 officia
798 2137 992 2216 certantem,
1026 2132 1193 2216 equitatus
1221 2131 1486 2216 auxiliorumque

201 2242 310 2302 tantas
339 2238 464 2321 copias,
493 2242 631 2321 quantas
659 2239 720 2303 hae
749 2243 864 2325 gentes
892 2239 932 2304 ad
959 2238 1193 2304 defendendam
1220 2260 1313 2302 suam
1343 2237 1488 2303 salutem

201 2346 450 2428 libertatemque
481 2345 638 2409 conficere
666 2349 818 2430 possunt3
850 2344 920 2430 ipsc
948 2344 996 2409 ita
1024 2366 1097 2410 sum
1128 2345 1236 2410 animo
1268 2348 1406 2430 paratus
1436 2345 1488 2410 vel

201 2451 401 2535 provinciam
431 2451 515 2515 tueri
544 2452 594 2515 vel
618 2452 678 2534 ire,
707 2473 771 2536 quo
795 2473 846 2516 res
869 2474 901 2536 p.
925 2455 1031 2536 vocet,
1059 2452 1111 2517 vel
1140 2452 1266 2517 tradere
1294 2452 1489 2535 exercitum,

201 2557 322 2623 auxilia
344 2557 624 2643 provinciamque,
655 2558 736 2642 (ut)
760 2559 810 2623 vel
835 2581 964 2625 omnem
992 2559 1150 2644 impetum
1174 2558 1253 2623 belli
1276 2559 1310 2623 in
1335 2580 1388 2623 me
1413 2581 1489 2625 con·
1503 2579 1529 2616 ²0

202 2669 326 2729 vertere
355 2686 420 2728 non
453 2687 612 2749 recusem,
646 2665 673 2728 si
707 2666 803 2730 modo
837 2688 908 2730 meo
938 2688 1015 2731 casu
1043 2670 1100 2731 aut
1132 2665 1324 2731 confirmare
1357 2667 1489 2749 patriae

170 2772 344 2837 ssalntem
369 2775 426 2834 aut
450 2770 629 2854 perieulum
657 2771 781 2855 possim
809 2772 938 2837 morari.
984 2773 1065 2838 haec
1089 2773 1116 2836 si
1140 2772 1205 2836 iam
1233 2771 1395 2856 expeditis
1422 2795 1491 2837 om-

201 2879 298 2941 nibus
322 2878 419 2941 rebus
444 2878 685 2962 tranquilloque
710 2882 800 2943 statu
824 2879 968 2944 civitatis
993 2878 1162 2962 polliceor,
1192 2879 1226 2943 in
1250 2878 1370 2943 damno
1395 2902 1490 2944 meae

202 2983 307 3047 laudis
332 2983 377 3046 rei
401 3007 431 3067 p.
457 2984 626 3049 commodo
654 2985 815 3067 laetabor,
846 2985 896 3049 sin
920 2984 960 3049 ad
983 2985 1174 3049 societatem
1197 2984 1491 3070 integerrimorum

202 3095 235 3154 et
259 3089 473 3154 maximorum
497 3091 715 3173 periculorum
740 3092 909 3176 accedam,
930 3091 1067 3156 consilia
1090 3113 1163 3156 mea
1186 3091 1297 3175 aequis
1320 3090 1490 3158 iudicibus
1505 3114 1531 3151 ss

202 3196 242 3258 ab
277 3196 515 3279 optrectatione
546 3196 731 3262 invidorum
764 3197 962 3263 defendenda
993 3197 1192 3262 commendo.
1242 3196 1323 3261 mihi
1354 3198 1493 3282 quidem

203 3302 265 3385 ipsi
290 3301 416 3365 fruetus
436 3303 627 3368 meritorum
647 3327 792 3369 meorum
816 3305 849 3368 in
874 3305 920 3369 rei
944 3328 975 3388 p.
998 3303 1223 3370 incolumitate
1243 3304 1323 3368 satis
1344 3326 1492 3390 magnus

203 3412 253 3471 est
286 3412 437 3491 paratus3
469 3432 524 3473 eos
557 3433 649 3494 vero,
682 3411 738 3494 qui
771 3433 877 3476 meam
910 3411 1140 3476 auctoritatem
1172 3415 1207 3476 et
1239 3410 1344 3475 multo
1379 3412 1491 3499 magis

204 3499 349 3578 vestram
379 3516 474 3580 fidem
508 3517 611 3581 secuti
628 3510 697 3582 'nec
726 3517 794 3581 ulla
826 3540 883 3602 spe
916 3517 1020 3600 decipi
1053 3538 1112 3582 nec
1144 3517 1211 3582 ullo
1244 3520 1333 3581 metu
1368 3518 1492 3584 terreri

203 3626 390 3705 potuerunt,
413 3627 450 3687 ut
473 3625 716 3690 commendatos
741 3625 833 3690 vobis
857 3625 1017 3709 habeatis,
1039 3625 1213 3708 petendum
1237 3624 1374 3691 videtur.
1505 3646 1532 3683 se

744 3818 800 3884 lx.
838 3818 942 3906 (379.)

595 3959 798 4026 Pennovs
824 3959 1036 4026 elenensi
1061 3961 1093 4026 s,

170 4103 179 4146 1
292 4083 383 4146 Nihil
421 4107 470 4147 me
501 4084 560 4148 tibi
589 4089 709 4148 temore
738 4090 794 4150 aut
822 4091 855 4150 te
882 4087 998 4150 esteris
1026 4089 1064 4150 de
1093 4110 1143 4151 me
1174 4087 1297 4152 frustra
1324 4091 1491 4173 recepisse

204 4191 321 4253 laetor:
353 4194 439 4253 certe
467 4190 529 4254 hoc
559 4191 663 4254 maius
691 4191 792 4256 habes
821 4193 1046 4256 testimonium
1075 4193 1196 4256 amoris
1221 4193 1296 4276 mei,
1325 4216 1392 4278 quo
1424 4219 1490 4260 ma·

295 4388 317 4435 1.
343 4380 453 4451 invitis]
474 4380 587 4434 inuictis
610 4385 706 4450 Ψ114.
727 4383 904 4437 denuntiatio
924 4385 971 4450 M,
994 4383 1151 4438 enuntiatio
1172 4385 1232 4438 HD
1253 4387 1262 4453 11
1286 4391 1309 4440 6.
1330 4388 1379 4441 ult.
1398 4388 1488 4442 etiarn

204 4472 253 4505 our.
279 4454 305 4503 ll
328 4454 337 4520 11
362 4460 403 4505 10.
424 4454 560 4522 summae]
581 4470 688 4506 summe
707 4457 759 4509 ulii
776 4458 785 4523 11
807 4453 999 4509 defendendae
1019 4455 1080 4508 HD
1103 4459 1111 4523 11
1137 4461 1177 4509 14.
1197 4455 1382 4529 liberalitate]
1404 4458 1489 4512 liber·

205 4526 264 4575 tatu
293 4523 350 4575 HD
372 4527 381 4591 11
407 4530 446 4578 16.
472 4522 621 4578 ciuitatum
645 4525 706 4578 HD
728 4528 737 4594 11
763 4532 802 4579 18.
829 4526 889 4595 ipse
914 4525 956 4579 ita
982 4543 1042 4579 sum
1067 4527 1112 4594 M,
1142 4526 1202 4595 ipse
1227 4534 1252 4594 (e
1272 4531 1302 4581 iu
1322 4529 1357 4582 H
1373 4532 1404 4583 iss
1422 4532 1489 4596 ros.)

206 4612 266 4646 sum
288 4595 347 4646 m)
361 4598 369 4660 11
385 4596 430 4648 uel
449 4596 489 4663 M,
509 4597 542 4648 ut
560 4595 606 4648 uel
628 4597 686 4649 HD
700 4600 709 4665 11
725 4603 765 4651 1e.
786 4598 895 4667 tueri„
916 4604 928 4649 1
951 4600 1004 4653 litt.
1019 4616 1064 4664 er,
1084 4599 1121 4650 M
1130 4600 1139 4665 11
1154 4605 1195 4653 20,
1218 4598 1290 4669 (ut)
1309 4599 1367 4671 vel]
1387 4600 1436 4655 uel
1454 4605 1487 4655 Ψ.

207 4669 235 4714 nl
260 4665 293 4718 H.
312 4667 334 4719 1.
351 4668 476 4735 Mdlleru
490 4672 531 4721 23.
552 4668 634 4720 rebus
654 4687 703 4722 ons.
725 4669 756 4721 Η
776 4672 784 4736 11
806 4674 847 4723 at.
869 4669 1000 4722 accedam
1022 4669 1089 4735 HD,
1109 4669 1241 4723 aeuedam
1261 4671 1296 4722 ad
1316 4672 1430 4739 Μ1126.
1453 4672 1488 4724 ab

206 4755 238 4787 ru
259 4736 295 4787 ad
315 4738 359 4789 M*
384 4741 392 4804 11
416 4744 457 4791 28.
478 4740 528 4791 est.
556 4742 671 4806 paratos
694 4756 742 4793 eos
761 4740 796 4792 M
816 4744 825 4808 11
848 4747 890 4794 29.
916 4740 1004 4795 secuti
1028 4757 1062 4795 ecc
1085 4740 1168 4794 sicuti
1187 4741 1224 4795 M
1243 4744 1252 4809 1
1274 4742 1410 4797 aamhss
1435 4742 1488 4798 tibi

208 4809 311 4859 temere
330 4825 374 4859 me
394 4809 425 4860 H
437 4812 446 4875 1
461 4808 494 4861 dc
514 4826 563 4862 oui.
585 4810 622 4862 M
