3286 5460
579 367 835 424 EPISTVLARVM
852 367 873 425 Ῑ.
893 373 918 426 9.
1347 369 1387 434 l'l

110 531 273 596 audissem
302 554 341 596 ex
369 530 456 615 aliis,
485 532 625 597 maxime
653 554 692 597 ex
720 554 792 598 meo
820 532 921 597 fratre
950 532 1101 618 cognovi,
1132 554 1228 616 quem
1257 531 1389 598 cumin

111 636 262 703 Sardinia
280 636 454 723 Pompeius
477 639 589 723 paucis
612 643 689 721 post
712 639 834 723 diebus,
858 661 955 724 quam
979 637 1067 703 Luca
1090 639 1294 725 discesserat,
1317 662 1390 705 con-

111 744 264 821 venisset,
288 744 353 829 ‘te',
376 745 492 828 inquit,
515 744 635 829 ‘ipsum
654 746 763 831 cupio,
784 746 867 810 nihil
887 745 1079 830 oportunius
1099 747 1208 830 potuit
1232 747 1389 812 accidere:

109 851 175 916 nisi
195 874 269 917 cum
289 851 398 917 Marco
422 851 523 916 fratre
547 851 721 936 diligenter
740 852 855 936 egeris,
878 851 1120 937 dependendum
1140 851 1201 916 tibi
1221 856 1279 936 est,
1303 853 1390 937 quod

81 957 193 1022 amihi
216 980 276 1042 pro
301 958 357 1022 illo
386 955 617 1042 spopondisti,
645 957 722 1040 quid
752 958 878 1022 multa?
906 963 1040 1041 questus
1069 963 1119 1022 est
1146 959 1303 1042 graviter:
1331 981 1391 1024 sua

110 1065 230 1128 merita
262 1065 541 1148 commemorarit,
576 1065 653 1149 quid
686 1065 808 1150 egisset
841 1065 1029 1147 saepissime
1062 1066 1100 1129 de
1130 1066 1213 1131 actis
1242 1063 1389 1131 Caesaris

110 1171 276 1255 cumipse
295 1190 367 1235 meo
385 1169 488 1235 tratre
507 1172 647 1255 quidque
667 1170 731 1234 sibi
754 1169 782 1234 is
806 1171 845 1234 de
868 1192 920 1235 me
938 1170 1123 1254 recepisset,
1146 1172 1180 1235 in
1199 1172 1390 1236 memoriam

110 1277 237 1363 redegit
261 1298 368 1360 seque,
391 1298 472 1360 quae
496 1277 534 1341 de
559 1299 631 1342 mea
649 1276 754 1341 salute
774 1275 904 1360 egisset,
926 1277 1094 1341 voluntate
1113 1275 1262 1342 Caesaris
1283 1279 1389 1363 egisse

109 1385 219 1467 ipsum
239 1406 345 1448 meum
364 1382 500 1448 fratrem
519 1388 660 1449 testatus
679 1388 744 1468 est3
767 1381 858 1448 cuius
878 1405 1008 1448 causam
1032 1382 1290 1467 dignitatemque
1309 1384 1390 1448 mihi

67 1516 94 1553 ro
110 1495 149 1553 ut
178 1491 432 1573 commendaret,
460 1490 603 1576 rogavit,
630 1495 668 1554 ut
695 1511 767 1553 earn
794 1512 835 1554 ne
863 1509 1099 1575 oppugnarem,
1127 1490 1155 1554 si
1183 1491 1304 1555 nollem
1333 1495 1391 1555 aut

107 1617 177 1660 non
199 1618 329 1680 possem
349 1597 440 1661 tueri.
478 1597 558 1661 haec
577 1619 650 1662 cum
670 1597 709 1661 ad
728 1618 780 1661 me
803 1595 905 1659 frater
924 1596 1115 1679 pertulisset
1134 1601 1167 1660 et
1186 1620 1260 1662 curn
1279 1602 1390 1662 tamen
1410 1616 1441 1664 ro

108 1702 285 1788 Pompeius
313 1704 353 1768 ad
381 1725 433 1768 me
463 1725 536 1768 cum
566 1701 728 1767 mandatis
756 1701 939 1766 Vibullium
970 1702 1127 1787 misisset,
1159 1707 1196 1767 ut
1224 1703 1389 1789 integrum

108 1808 190 1873 mihi
216 1810 254 1874 de
271 1831 375 1875 causa
398 1807 565 1894 Campana
588 1810 629 1873 ad
653 1831 748 1873 suum
770 1809 910 1872 reditum
934 1829 1141 1893 reservarem,
1168 1808 1296 1894 conlegi
1319 1810 1388 1893 ipse

109 1937 162 1980 me
190 1919 223 1980 et
251 1938 324 1981 cum
355 1915 428 2001 ipsa
460 1916 553 1999 quasi
581 1937 615 1979 rc
645 1915 778 1999 publica
809 1915 1000 1980 conlocutus
1033 1938 1120 2001 sum,
1151 1920 1188 1980 ut
1215 1915 1296 1981 mihi
1321 1920 1388 1980 tam

69 2049 95 2088 rs
110 2020 217 2087 multa
229 2044 289 2106 pro
309 2045 343 2087 se
361 2044 515 2108 perpesso
535 2026 633 2105 atque
651 2021 822 2106 perfuncto
842 2022 1041 2106 concederet,
1060 2027 1097 2087 ut
1116 2023 1260 2089 officium
1280 2045 1388 2087 meum

111 2150 352 2212 memoremque
376 2129 411 2193 in
433 2128 513 2193 bene
538 2129 672 2193 meritos
702 2127 846 2193 animum
875 2128 1035 2213 fidemque
1063 2129 1174 2194 fratris
1205 2130 1268 2194 mei
1296 2151 1389 2214 prae-

110 2239 244 2318 starem,
262 2256 408 2318 eumque,
428 2257 524 2319 quem
543 2235 665 2299 bonum
684 2236 786 2300 civem
806 2257 933 2318 semper
951 2235 1129 2320 habuisset,
1148 2237 1269 2301 bonum
1283 2236 1390 2300 virum

109 2361 182 2404 esse
201 2344 376 2424 pateretur.
408 2339 527 2405 inillis
546 2346 656 2405 autem
670 2341 751 2406 meis
773 2340 956 2406 actionibus
976 2341 1209 2425 sententiisque
1229 2342 1389 2426 omnibus,

110 2468 196 2530 quae
214 2445 407 2530 Pompeium
430 2447 623 2512 ridebantur
642 2447 812 2532 offendere,
836 2452 998 2513 certorum
1017 2447 1195 2531 hominum,
1219 2470 1300 2532 quos
1323 2448 1389 2512 iarn

67 2582 95 2621 so
109 2552 208 2617 debes
237 2552 409 2638 suspicari,
442 2575 606 2619 sermones
634 2553 858 2619 referebantur
884 2555 925 2618 ad
952 2576 1017 2638 me,
1051 2554 1107 2637 qui
1135 2575 1208 2618 cum
1236 2553 1293 2618 illa
1320 2575 1390 2618 sen·

109 2661 212 2724 tirent
235 2658 270 2724 in
293 2681 327 2724 re
350 2660 495 2745 publica,
523 2683 604 2745 quae
628 2681 690 2747 ego
720 2661 872 2746 agebam,
900 2682 1090 2744 semperque
1119 2660 1309 2744 sensissent,
1337 2682 1388 2724 me

110 2771 221 2831 tamen
244 2767 415 2832 nonsatis
443 2766 548 2832 facere
572 2767 729 2851 Pompeio
753 2766 988 2849 Caesaremque
1016 2765 1279 2831 inimicissimum
1308 2765 1388 2831 mihi

109 2873 259 2938 futurum
286 2873 426 2959 gaudere
453 2848 488 2938 s⁸e
515 2873 662 2958 aiebant,
689 2878 760 2938 erat
786 2873 850 2938 hoc
877 2873 958 2937 mihi
986 2872 1173 2956 dolendum,
1201 2872 1256 2938 sed
1284 2873 1389 2938 multo

109 2979 191 3044 illud
219 2980 338 3065 magis,
373 2980 458 3063 quod
488 2979 655 3044 inimicum
686 3002 793 3044 meum
819 3017 857 3026 —
884 3001 991 3043 meum
1020 2979 1151 3044 autem?
1182 2979 1284 3044 immo
1312 3002 1389 3044 vero

67 3087 231 3172 relegam,
254 3085 457 3170 iudiciorum,
482 3086 551 3171 otii,
574 3087 714 3170 patriae,
737 3086 898 3151 bonorum
922 3085 1066 3151 omnium
1093 3123 1130 3131 -
1157 3086 1204 3150 sic
1228 3086 1390 3170 amplexa-

108 3193 243 3275 bantur,
274 3192 320 3257 sic
348 3192 383 3256 in
410 3193 560 3258 manibus
587 3192 766 3277 habebant,
796 3193 845 3257 sic
872 3192 1038 3277 fovebant,
1067 3195 1114 3258 sic
1142 3215 1192 3256 me
1220 3197 1389 3277 praesente

108 3299 356 3383 osculabantur,
385 3321 452 3364 non
478 3298 528 3363 illi
552 3299 681 3383 quidem
710 3303 747 3362 ut
775 3297 856 3362 mihi
879 3299 1083 3364 stomachum
1106 3299 1264 3382 facerent,
1295 3321 1390 3383 quem

109 3427 171 3490 ego
196 3405 344 3470 funditus
367 3405 506 3489 perdidi,
530 3405 585 3470 sed
609 3409 696 3470 certe
720 3409 757 3470 ut
780 3405 885 3470 facere
909 3427 944 3470 se
967 3405 1218 3491 arbitrarentur:
1241 3406 1295 3472 hic
1319 3427 1391 3491 ego,

109 3516 270 3595 quantum
292 3511 436 3577 humano
465 3511 602 3578 consilio
631 3511 758 3578 efficere
786 3512 893 3596 potui,
921 3512 1165 3597 circumspectis
1188 3513 1285 3577 rebus
1309 3512 1389 3575 meis

67 3647 95 3686 so
109 3618 264 3682 omnihus
295 3619 542 3703 rationibusque
566 3619 734 3684 subductis
763 3641 922 3683 summam
951 3619 1013 3685 feci
1042 3619 1278 3704 cogitationum
1302 3641 1390 3682 mea-

108 3748 183 3789 rum
207 3724 368 3811 omnium,
391 3747 488 3809 quam
512 3725 587 3810 tibi,
611 3726 638 3790 si
661 3729 791 3810 potero,
814 3725 956 3790 breviter
979 3748 1146 3810 exponam.
1192 3747 1268 3811 ego,
1296 3727 1324 3789 si
1348 3726 1388 3789 ab
1410 3746 1439 3793 11

108 3832 273 3917 improbis
297 3837 331 3896 et
352 3832 489 3916 perditis
513 3832 637 3896 civibus
660 3854 729 3896 rem
753 3832 917 3916 publicam
942 3832 1044 3897 teneri
1069 3832 1225 3916 viderem,
1249 3830 1334 3895 sicut
1357 3835 1391 3894 et

109 4030 324 4038 —0—

199 4174 225 4221 3.
244 4164 344 4234 inquid
363 4167 425 4222 ΜΘ
439 4170 447 4237 l
461 4167 644 4236 opportunius
664 4170 703 4236 ςΙΙ
717 4173 740 4221 5.
761 4169 876 4235 questus
895 4184 928 4221 en
947 4169 1080 4234 quaestus
1100 4161 1149 4218 Μο
1163 4168 1172 4233 l
1186 4171 1210 4219 b.
1227 4171 1250 4219 6.
1266 4181 1317 4218 sua
1331 4182 1390 4219 ma·

106 4237 186 4291 xima
204 4238 308 4291 merita
324 4239 371 4308 Gl!
387 4245 410 4293 7.
429 4237 454 4292 is
472 4256 506 4293 ca
524 4237 568 4291 his
588 4240 637 4292 Μο
655 4242 665 4307 ΙΙ
682 4237 872 4308 praecepisset
887 4238 941 4291 GR
959 4241 968 4305 ΙΙ
987 4243 1010 4291 8.
1031 4236 1136 4306 redigit
1151 4237 1188 4289 M
1197 4240 1206 4305 ll
1220 4236 1312 4305 egisse
1330 4237 1367 4289 M
1369 4244 1389 4302 ⁰,

106 4309 215 4378 egisset
230 4309 266 4362 Μ
269 4309 285 4375 ¹,
303 4326 353 4364 ora.
371 4310 425 4363 GR
438 4313 447 4376 ΙΙ
462 4313 485 4363 9.
505 4309 584 4363 cuius
603 4327 652 4363 om.
673 4311 726 4364 GR
739 4314 749 4379 11
764 4316 804 4363 10.
820 4308 1011 4363 commodaret
1027 4310 1080 4362 Ga
1094 4318 1103 4372 n
1119 4314 1159 4361 11.
1175 4311 1280 4359 etcum
1296 4310 1390 4361 tamen

107 4381 151 4448 M,
170 4382 200 4433 et
219 4396 283 4432 enm
301 4383 397 4433 tamen
414 4381 447 4447 G,
467 4383 499 4433 ut
518 4397 580 4433 eum
600 4397 662 4434 cum
680 4383 776 4434 tamen
796 4383 829 4434 It.
850 4383 879 4434 et
898 4397 960 4433 aum
980 4379 1066 4433 etiam
1081 4380 1197 4448 illerdnip
1216 4380 1301 4446 l‘udv.
1317 4380 1389 4433 crit'

106 4451 147 4504 ΙΙΙ
158 4470 188 4520 p.
201 4456 263 4519 156)
278 4455 287 4520 Ι
302 4457 342 4506 12.
358 4451 518 4522 mandatis,
539 4469 551 4504 s
570 4469 658 4517 erasa,
677 4453 712 4504 M
723 4458 732 4517 ΙΙ
746 4450 895 4504 uibulliurn
912 4452 952 4518 M,
966 4449 1093 4504 bibulum
1112 4451 1144 4516 G,
1164 4448 1193 4502 in
1207 4451 1276 4519 (sup.
1288 4467 1325 4504 rs,
1336 4470 1354 4503 a
1366 4453 1391 4520 1)

107 4521 239 4575 bibulum
258 4523 308 4592 Rl
324 4528 365 4577 16.
386 4522 565 4590 animumque
585 4523 696 4589 Μ1117.
716 4522 878 4575 habuissem
897 4523 958 4576 MR
979 4524 1045 4589 (set
1064 4523 1136 4588 M1),
1161 4520 1328 4575 habuissent
1348 4523 1374 4577 G
1390 4576 1391 4591 ,
1415 4566 1425 4583 .

107 4599 152 4646 20.
168 4592 382 4661 perferebantur
396 4595 436 4649 vel
451 4593 650 4647 deserebantur
662 4594 746 4647 Orelli
759 4597 768 4662 ΙΙ
783 4601 825 4648 23.
841 4594 965 4662 agebant
975 4595 1001 4644 a
1016 4592 1142 4659 (aiebant
1152 4592 1185 4643 M
1190 4594 1210 4658 r)
1224 4593 1233 4658 ΙΙ
1247 4598 1290 4646 ⁸27.
1300 4592 1392 4646 occul·

107 4664 246 4717 tabantur
265 4664 301 4717 M
317 4669 384 4732 (osc.
405 4665 481 4733 Μ’),
505 4664 705 4718 ocultabuntur
723 4666 765 4732 It,
788 4664 970 4718 occultabant
986 4665 1011 4717 G
1029 4666 1038 4729 l
1061 4662 1236 4716 stomachum
1264 4682 1298 4718 ex
1317 4664 1391 4717 stho-

107 4752 221 4788 macum
241 4735 291 4788 M⁰
310 4740 319 4805 u
338 4741 380 4790 ⁶39.
401 4736 642 4806 circuminspectis
661 4739 687 4789 a
712 4735 753 4805 (in
771 4754 830 4805 esp.
851 4737 909 4803 Μ’)
922 4736 932 4802 ΙΙ
946 4739 988 4788 32.
1009 4733 1081 4788 sicut
1104 4737 1133 4787 et
1158 4735 1225 4802 GR,
1249 4734 1289 4788 sic
1312 4738 1341 4787 et
1359 4734 1395 4787 M

106 4806 194 4876 (sicut
212 4810 242 4859 et
260 4807 295 4858 M
298 4809 319 4876 r)

163 4885 263 4954 crc‘ep.
278 4905 313 4946 ed.
327 4905 540 4947 Maudslssohn.
1162 4900 1177 4947 2
