3286 5460
197 375 240 438 60
648 374 685 429 M.
704 374 810 428 TVLLI
830 375 1019 432 CICERONIS

196 541 234 602 ut
255 538 362 601 minus
387 560 459 602 mea
486 560 596 621 causa,
624 539 700 603 dum
728 559 789 623 ego
818 538 938 622 apsim,
966 539 1082 605 debere
1111 536 1264 621 ridearis,
1292 560 1391 623 quam
1414 558 1471 624 ego

196 648 255 708 tua
277 644 462 730 laborarim,
485 645 588 709 libero
612 650 644 709 te
668 645 732 709 ista
755 667 844 710 cura:

570 824 607 834 -
635 823 676 833 —
701 783 772 870 παρ’
799 785 877 871 ἐμοί
896 811 931 870 γε
956 786 1012 852 καὶ
1034 790 1147 870 ἄλλοι,

409 893 445 957 οἵ
464 892 503 958 κε’
523 917 563 978 με
586 895 775 978 τιμήσουσι,
800 893 939 978 μάλιστα
964 891 1001 960 δὲ
1024 897 1159 980 μητίετα
1183 894 1276 972 Ζεύς.

196 1036 224 1099 si
252 1039 361 1099 autem
394 1040 512 1099 natura
539 1059 573 1100 es
600 1038 783 1121 φιλαίτιος,
815 1036 896 1101 illud
922 1059 989 1102 non
1015 1037 1163 1122 perficies
1191 1059 1254 1120 quo
1283 1036 1392 1101 minus
1419 1039 1505 1101 tuas

196 1164 293 1206 causa
312 1142 418 1225 velim,
441 1141 503 1206 hoc
523 1143 708 1226 adaequare,
730 1147 777 1226 ut,
801 1165 898 1227 quam
922 1144 955 1208 in
979 1149 1107 1228 partem
1130 1148 1166 1208 tu
1190 1143 1341 1226 accipias,
1369 1143 1471 1207 miuus

196 1249 350 1312 laborem.
391 1248 471 1313 haec
494 1248 534 1312 ad
558 1252 590 1312 te
614 1249 728 1333 scripsi
752 1250 900 1335 liberius,
927 1251 1031 1316 fretus
1060 1250 1258 1316 conscientia
1286 1249 1389 1316 officii
1412 1248 1470 1313 mei

195 1354 509 1438 benivolentiaeque,
543 1377 640 1439 (luam
668 1379 687 1421 a
715 1380 766 1420 me
797 1361 886 1422 certo
918 1357 1039 1423 iudicio
1071 1361 1269 1442 susceptam,
1303 1357 1412 1440 quoad
1438 1361 1471 1421 tu

197 1463 299 1545 voles,
323 1460 529 1525 conservabo

727 1641 816 1707 vm.
855 1641 935 1730 (aa.)

502 1782 660 1849 cronno
686 1783 926 1850 S.D.APP10
949 1782 1164 1850 Pvuonuo.

162 1944 174 1990 1
285 1926 372 2009 Etsi,
400 1932 558 2009 quantum
588 1949 626 1990 ex
659 1926 725 1991 tuis
754 1927 874 1991 litteris
902 1926 1092 2012 intellegere
1124 1925 1231 2010 potui,
1263 1925 1415 1991 videbam
1442 1928 1473 1988 te

196 2035 279 2097 hane
303 2033 484 2118 epistolam,
508 2056 581 2098 eum
605 2033 645 2097 ad
669 2034 784 2099 urbem
807 2055 903 2118 esses,
927 2056 998 2098 esse
1016 2034 1177 2098 lecturum
1197 2031 1392 2118 refrigerato
1411 2031 1473 2095 iam

197 2139 361 2204 levissimo
393 2162 541 2204 sermone
572 2140 741 2205 hominum
773 2139 1037 2225 provincialium,
1070 2144 1197 2223 tamen,
1230 2161 1303 2204 oum
1337 2142 1375 2203 tu
1407 2142 1473 2202 tam

196 2247 309 2311 multis
329 2245 435 2311 verbis
459 2246 499 2310 ad
523 2269 575 2311 me
599 2247 637 2311 de
661 2247 884 2330 improborum
904 2247 1050 2311 oratione
1070 2245 1265 2330 scripsisses,
1291 2244 1507 2310 faciendum1⁵

161 2352 276 2418 amihi
304 2353 432 2438 putavi,
464 2357 501 2416 ut
532 2353 596 2417 tuis
626 2353 747 2418 litteris
779 2354 871 2418 brevi
903 2355 1139 2437 responderem.
1186 2352 1242 2416 sed
1273 2350 1382 2434 prima
1414 2351 1473 2415 duo

197 2461 305 2543 capita
337 2460 495 2543 epistolae
524 2463 600 2524 tuae
631 2461 731 2525 tacita
760 2460 841 2525 mihi
874 2460 1112 2546 quodammodo
1145 2458 1359 2543 relinquenda
1386 2461 1474 2542 sunt,

196 2566 277 2631 nihil
306 2567 392 2631 enim
420 2566 555 2649 habent,
586 2567 672 2650 quod
695 2567 863 2631 definitum
892 2567 936 2630 sit
959 2570 1016 2630 aut
1043 2570 1183 2644 certum,
1210 2563 1275 2630 nisi
1302 2586 1355 2629 me
1382 2564 1473 2628 vultu

197 2674 422 2738 taciturnitate
446 2673 647 2758 significasse
672 2673 734 2737 tihi
757 2696 823 2738 non
847 2696 917 2743 esse
941 2672 1091 2756 amicum,
1114 2672 1211 2755 idque
1234 2692 1294 2755 pro
1318 2670 1472 2736 tribunali

197 2803 269 2844 cum
302 2778 424 2863 aliquid
457 2783 610 2865 ageretur
638 2784 671 2845 et
698 2780 863 2845 nonnullis
891 2780 925 2843 in
954 2779 1109 2844 conviviis
1141 2777 1289 2863 intellegi
1319 2776 1506 2862 potuisses

195 2886 257 2951 hoc
281 2891 386 2951 totum
410 2887 491 2950 nihil
516 2910 586 2952 esse
609 2909 741 2971 possum
766 2887 969 2972 intellegere3
993 2885 1057 2969 sed,
1081 2908 1154 2950 cum
1178 2883 1222 2949 sit
1244 2883 1336 2968 nihil,
1359 2882 1473 2968 nequi

196 2992 323 3057 dicatur
350 2993 479 3076 quidem
509 2993 678 3079 intellego:
709 2994 790 3058 illud
818 2994 947 3078 quidem
981 2992 1062 3075 scio,
1093 3014 1182 3056 meos
1216 2991 1338 3055 multos
1367 2994 1402 3055 et
1428 2990 1473 3054 in·

196 3099 308 3165 lustris
333 3104 426 3164 etex
451 3101 617 3183 superiore
642 3106 675 3164 et
698 3124 736 3164 ex
761 3123 864 3184 aequo
888 3101 960 3165 loco
981 3120 1145 3164 sermones
1165 3097 1296 3163 habitos
1320 3120 1395 3163 cum
1418 3101 1473 3162 tua

197 3228 323 3270 summa
355 3207 448 3269 laude
477 3210 510 3269 et
533 3207 644 3291 †cum
672 3229 789 3293 magna
821 3206 1038 3272 sollieitudine
1071 3203 1310 3290 significatione
1343 3208 1473 3269 nostrae

196 3312 430 3376 familiaritatis
459 3312 498 3376 ad
527 3317 559 3376 te
587 3335 660 3377 vore
692 3314 836 3397 potuisse
869 3312 993 3377 deferri.
1040 3334 1129 3394 nam,
1162 3311 1247 3395 quod
1275 3311 1315 3375 ad
1344 3311 1502 3396 legatos*

196 3419 323 3502 attinet,
347 3418 424 3501 quid
448 3441 467 3481 a
490 3442 541 3483 me
565 3419 634 3483 fieri
658 3421 767 3504 potuit
791 3426 847 3485 aut
870 3420 1052 3504 elegantius
1076 3422 1132 3482 aut
1155 3418 1289 3500 iustius,
1314 3438 1414 3501 quam
1439 3422 1475 3482 ut

196 3530 345 3608 sumptus
369 3525 654 3610 egentissimarum
678 3527 849 3591 civitatum
873 3525 1049 3591 minuerem
1072 3525 1140 3589 sine
1159 3524 1227 3588 ulla
1246 3523 1476 3589 imminutione

196 3632 366 3717 dignitatis
386 3638 471 3717 tuae,
489 3633 680 3716 praesertim
700 3634 780 3717 ipsis
800 3633 989 3698 civitatibus
1009 3631 1275 3716 postulantibus?
1296 3651 1375 3694 nam
1394 3630 1477 3696 mihi

196 3743 301 3803 toturn
318 3760 419 3823 genus
440 3739 639 3823 legationum
659 3744 716 3804 tuo
735 3740 865 3803 nomine
881 3740 1157 3823 proficiscentium
1176 3742 1290 3803 notum
1308 3758 1376 3802 non
1394 3743 1476 3802 erat.

195 3844 357 3929 Apameae
381 3868 454 3909 curn
477 3868 594 3929 essem,
623 3847 799 3910 multarum
826 3845 997 3910 civitatum
1025 3846 1188 3931 principes
1212 3844 1252 3909 ad
1275 3865 1326 3907 me
1351 3843 1476 3908 detule·
1503 3844 1553 3888 ⁵²

195 3972 407 3980 ——--—-—-—-

286 4042 307 4089 1.
330 4036 427 4089 absum
448 4055 463 4094 ς
486 4040 495 4105 ll
519 4037 622 4091 uideris
641 4040 677 4091 M
696 4041 706 4106 ll
729 4045 752 4092 3.
774 4040 1008 4092 ΠΑΡΕΜΟΤΓΕ
1027 4039 1076 4108 Μ,
1101 4038 1337 4092 ΠΑΡΕΜΟΤΤΕ
1358 4036 1424 4105 GR,
1442 4054 1478 4092 rx

194 4109 293 4179 ceribus
312 4115 432 4162 rrurustro
451 4112 542 4162 omnio
561 4111 592 4163 ia
609 4111 758 4164 seritcmlr's
776 4112 863 4165 verbis
883 4112 996 4165 Graecis
1013 4111 1113 4177 referre
1132 4126 1188 4164 noa
1206 4126 1274 4178 opus
1287 4110 1297 4177 ΙΙ
1310 4113 1334 4160 4.
1355 4105 1477 4175 μάλιστα

194 4179 225 4233 δὲ
245 4176 358 4248 μητίετα
380 4181 449 4241 Ζεὺς
469 4182 546 4234 rerba
565 4188 699 4248 suspectat
717 4182 743 4235 J.
762 4181 1096 4252 Frey(propr.1tocssel.
1117 4185 1192 4233 1875.
1212 4198 1238 4249 p.
1254 4179 1289 4248 V)
1310 4180 1320 4247 ΙΙ
1343 4183 1368 4230 6.
1388 4177 1476 4232 uelim

82 4312 85 4317 ¹
195 4253 236 4318 M,
257 4249 300 4303 uel
320 4250 349 4303 in
370 4252 424 4304 GR
438 4253 447 4317 Η
467 4250 496 4304 in
516 4267 600 4318 quam
619 4252 674 4319 Ru
693 4258 717 4305 8.
738 4251 946 4306 beniuolentiae
965 4252 1076 4320 copiam
1095 4269 1113 4305 a
1130 4268 1174 4304 me
1195 4251 1249 4306 GR
1267 4252 1277 4319 ΙΙ
1297 4255 1336 4303 11.
1357 4251 1477 4320 trascrip-

194 4326 293 4378 tiouem
308 4341 357 4376 om.
373 4323 401 4375 R
415 4325 424 4390 11
439 4328 479 4374 1⁶3.
497 4321 556 4374 Etsi
569 4323 631 4390 GR,
650 4323 689 4376 Ut
708 4323 730 4376 si
751 4325 792 4390 M,
810 4323 895 4378 8ch
914 4326 944 4376 ιἰι
963 4342 1016 4377 ras.
1031 4342 1049 4376 ιι
1064 4324 1101 4376 M
1102 4330 1114 4357 ⁰
1127 4325 1136 4390 ΙΙ
1152 4327 1191 4374 13.
1208 4338 1283 4375 esses
1298 4321 1339 4388 M,
1358 4319 1431 4374 isses
1442 4321 1477 4386 G,

195 4394 278 4448 issem
296 4394 325 4448 R
347 4396 356 4461 ll
381 4399 421 4446 14.
442 4395 472 4446 tu
492 4395 551 4446 tum
571 4395 616 4460 M,
639 4396 728 4448 totam
749 4396 803 4450 GR
830 4397 840 4462 ll
868 4399 908 4446 15.
929 4394 966 4447 ad
984 4411 1028 4447 mo
1048 4395 1082 4446 de
1102 4395 1148 4460 M,
1172 4392 1245 4446 adde
1265 4393 1303 4460 G,
1323 4406 1357 4445 ac
1376 4391 1411 4444 de
1431 4392 1478 4459 1331

195 4463 320 4519 irratione
339 4483 373 4518 ex
390 4464 545 4517 moratione
561 4467 680 4520 radendo
691 4467 736 4533 M,
756 4464 918 4519 hortacione
934 4466 989 4521 GR
1002 4467 1011 4533 11
1027 4470 1067 4518 18.
1081 4470 1120 4518 lo.
1139 4463 1221 4517 uultu
1235 4465 1265 4518 et
1278 4461 1477 4517 taciturnitate

196 4536 251 4593 (m
269 4539 277 4603 ll
298 4541 337 4588 19.
357 4552 412 4587 non
432 4534 485 4588 tibi
506 4538 530 4589 G
550 4539 558 4603 Η
578 4542 618 4589 ·20.
639 4535 667 4589 in
686 4554 737 4591 orn.
753 4537 808 4592 GR
822 4539 831 4604 ΙΙ
845 4542 886 4589 21.
906 4534 1166 4605 hoc—intellegere
1181 4553 1231 4589 one.
1248 4536 1274 4590 G
1287 4537 1296 4601 ΙΙ
1310 4550 1411 4603 porum
1425 4534 1464 4587 M
1469 4542 1478 4597 ξξ

196 4606 243 4680 qui
265 4607 361 4668 farelli,
384 4606 451 4673 quid
471 4610 509 4674 a,
535 4609 607 4676 quod
630 4615 699 4662 tenet
718 4607 840 4662 &horula
858 4608 900 4674 (Z.
915 4609 935 4674 s.
950 4609 975 4661 d.
993 4609 1091 4678 Gpmrr.
1108 4612 1173 4660 1881
1194 4626 1221 4675 p.
1237 4611 1281 4671 98)
1304 4608 1314 4673 ΙΙ
1336 4610 1378 4658 24.
1399 4603 1477 4658 solli-

197 4676 319 4737 eitudine
340 4679 367 4728 iu
388 4681 423 4729 M
435 4696 521 4746 poene
539 4696 658 4745 erasum,
677 4679 724 4732 sed
739 4685 801 4745 post
820 4679 848 4731 P
862 4681 910 4747 qui
930 4698 950 4731 e.
972 4682 1107 4749 r'nteprum
1126 4681 1197 4748 lepis.
1217 4680 1267 4731 del.
1287 4694 1302 4734 ς
1322 4679 1391 4745 1126.
1411 4691 1477 4729 vere

197 4770 245 4809 om.
265 4748 311 4815 Ill
326 4747 362 4799 ad
381 4746 412 4816 l]
433 4748 579 4818 adlegatos
598 4766 631 4804 ex
649 4749 788 4817 allegatos
808 4749 856 4814 Εἰ,
876 4749 1014 4819 allegatos
1029 4751 1074 4816 M,
1097 4749 1222 4817 allegato
1242 4749 1290 4815 Gt!
1304 4751 1346 4801 Ἡ.
1367 4749 1477 4800 sumtus

197 4821 253 4883 Η.
272 4818 307 4873 Μ
328 4821 337 4886 ΙΙ
361 4823 401 4870 28.
422 4818 613 4873 uicinitatibus
630 4820 668 4873 M
