3314 5460
621 351 880 419 urrsrvmuvu
898 363 918 419 L
938 368 962 418 e.
983 368 1008 419 e.
1415 365 1457 429 15

170 526 378 611 vinciamque
406 526 488 590 bene
521 527 624 613 gestis
657 527 754 592 rebus
787 550 861 593 oum
894 526 1036 592 exercitu
1069 527 1192 593 victore
1225 528 1388 614 optinere,
1419 533 1456 593 ut

170 632 290 716 debeo,
318 632 425 697 laetor
450 671 505 719 -,
532 634 586 698 sed
611 638 712 719 certe,
743 634 798 718 qui
826 633 888 698 tibi
912 656 950 698 ex
974 655 1025 698 me
1049 633 1176 700 fructus
1199 635 1372 713 debentur,
1401 657 1457 700 eos

169 738 343 803 uberiores
371 742 404 803 et
431 740 670 824 praesentiores
700 761 854 824 praesens
887 761 1002 824 capere
1032 740 1210 825 potuisses,
1242 742 1275 806 in
1304 743 1351 807 eis
1380 765 1456 807 vero

169 844 384 928 ulciscendis,
412 866 494 928 quos
518 845 580 909 tibi
603 845 723 930 partim
752 846 902 912 inimicos
926 868 996 911 esse
1021 846 1185 932 intellegis
1208 854 1343 932 propter
1367 853 1459 912 tuam

142 951 475 1037 spropugnationem
494 952 610 1017 salutis
630 974 729 1035 meae,
753 952 873 1036 partim
897 951 1040 1017 invidere
1058 957 1194 1038 propter
1212 953 1301 1018 illius
1321 954 1458 1020 aetionis

170 1059 426 1142 amplitudinem
450 1056 484 1122 et
507 1059 659 1144 gloriam,
689 1058 862 1123 mirificum
885 1080 936 1124 me
960 1058 1022 1122 tibi
1046 1059 1200 1125 comitem
1228 1060 1459 1144 praebuissem,

170 1186 376 1248 quamquam
399 1165 455 1229 ille
478 1165 628 1250 perennis
653 1164 803 1230 inimicus
827 1165 1006 1254 amicorum
1029 1187 1170 1250 suorum,
1194 1165 1249 1250 qui
1273 1167 1339 1231 tuis
1360 1168 1459 1230 maxi-

170 1272 238 1335 mis
257 1272 425 1338 beneficiis
445 1277 579 1337 ornatus
599 1273 685 1336 inte
705 1272 914 1356 potissimum
934 1270 1073 1337 fractam
1091 1272 1182 1336 illam
1201 1276 1235 1336 et
1255 1271 1459 1336 debilitatam

171 1379 243 1442 vim
267 1401 361 1443 suam
385 1379 535 1462 contulit,
557 1383 704 1443 nostram
730 1378 832 1444 vicem
855 1378 945 1442 ultus
970 1382 1021 1442 cst
1044 1377 1114 1462 ipse
1139 1400 1219 1460 sese,
1242 1400 1281 1442 ea
1303 1382 1355 1443 est
1373 1379 1460 1442 enim

126 1506 154 1544 ιο
171 1489 330 1567 conatus,
347 1484 465 1568 quibus
484 1484 659 1569 patefactis
678 1485 802 1550 nullam
822 1484 886 1548 sibi
909 1484 944 1548 in
965 1488 1134 1568 posterum
1157 1506 1223 1550 non
1242 1485 1338 1551 modo
1358 1485 1460 1570 digni-

169 1591 266 1674 tatis,
285 1591 341 1655 sed
354 1614 395 1656 ne
410 1591 575 1656 libertatis
591 1592 720 1675 quidem
739 1595 864 1675 partem
880 1589 1021 1675 reliquit.
1055 1595 1087 1656 te
1108 1595 1227 1675 autem,
1248 1592 1310 1655 etsi
1329 1592 1460 1656 mallem
1476 1612 1491 1658 a

170 1696 206 1760 in
239 1699 321 1762 meis
349 1699 446 1762 rebus
479 1703 648 1782 expertum
677 1720 775 1783 quam
804 1696 905 1761 etiam
933 1697 966 1761 iu
995 1697 1076 1779 tuis,
1109 1703 1220 1762 tamen
1247 1697 1282 1761 in
1309 1698 1462 1762 molestia

171 1805 304 1889 gaudeo
323 1827 395 1869 eam
415 1805 513 1869 fidem
532 1827 690 1891 cognosse
710 1805 878 1870 hominum
897 1826 964 1869 non
983 1804 1031 1867 ita
1049 1824 1170 1901 magna
1188 1806 1344 1890 mercede,
1363 1827 1460 1888 quam

173 1931 240 1994 ego
269 1913 410 1976 maximo
443 1911 554 1977 dolore
588 1933 778 1997 cognoram,
810 1910 849 1975 de
877 1932 942 1995 qua
975 1911 1102 1975 ratione
1137 1915 1207 1974 tota
1234 1911 1301 1975 iam
1332 1911 1460 1976 videtur

129 2037 160 2076 ιε
175 2016 262 2081 mihi
285 2018 465 2104 exponendi
484 2025 612 2103 tempus
635 2018 715 2102 dari,
739 2022 777 2081 ut
800 2017 861 2081 tibi
884 2016 1062 2082 rescribam
1087 2017 1127 2081 ad
1151 2038 1198 2101 ea,
1221 2039 1302 2101 quae
1322 2017 1459 2102 quaeris.

179 2125 352 2190 certiorem
381 2129 413 2189 te
443 2147 501 2210 per
529 2125 657 2189 litteras
689 2124 805 2190 scribis
834 2146 904 2188 esse
934 2123 1056 2189 factum
1084 2145 1135 2188 me
1164 2147 1237 2189 oum
1261 2123 1399 2190 Caesare
1427 2130 1491 2192 ets

183 2251 259 2294 eum
280 2233 384 2317 Appio
409 2254 480 2296 esse
504 2232 538 2296 in
561 2232 669 2317 gratia
692 2236 789 2316 teque
812 2231 845 2295 id
868 2253 935 2296 non
957 2231 1149 2315 reprendere
1174 2231 1345 2316 adscribis3
1370 2231 1460 2297 Vati·

186 2335 275 2400 nium
299 2343 408 2403 autern
436 2339 518 2403 scire
546 2343 579 2404 te
608 2339 689 2403 velle
720 2337 864 2402 ostendis
894 2337 1012 2421 quibus
1039 2338 1136 2402 rebus
1169 2336 1327 2402 adductus
1355 2337 1462 2402 defeu-

194 2439 287 2507 derim
315 2450 348 2509 et
377 2444 551 2529 laudarim,
584 2445 670 2530 quod
703 2444 765 2508 tibi
796 2450 833 2508 ut
864 2444 992 2529 planius
1025 2466 1197 2528 exponam,
1231 2445 1329 2508 altius
1361 2445 1460 2529 paulo

153 2567 184 2605 so
198 2548 342 2615 rationem
365 2552 575 2617 consiliorum
599 2573 745 2615 meorum
769 2555 914 2633 repetam
938 2572 1068 2615 necesse
1092 2557 1150 2615 est.
1187 2551 1276 2636 †ego
1296 2573 1357 2635 me,
1380 2550 1460 2615 Len·

203 2653 270 2738 tute,
284 2657 371 2724 initio
392 2681 501 2723 rerum
520 2661 617 2743 atque
632 2658 798 2722 actionum
817 2663 947 2721 tuarum
965 2679 1031 2721 non
1051 2657 1157 2721 solum
1177 2658 1266 2741 meis,
1285 2659 1340 2722 sed
1360 2659 1460 2722 etiam

207 2759 397 2845 reipublicae
415 2765 605 2830 restitutum
624 2764 781 2849 putabam
801 2768 843 2848 et,
868 2764 1020 2847 quoniam
1041 2763 1102 2827 tibi
1121 2762 1344 2829 incredibilem
1363 2787 1460 2848 quen·

211 2861 271 2930 dam
293 2892 429 2935 amorem
457 2876 491 2936 et
518 2871 628 2935 omnia
655 2871 690 2935 in
718 2877 750 2934 te
779 2871 887 2954 ipsum
919 2892 1046 2934 summa
1073 2892 1111 2934 ac
1142 2871 1321 2954 singularia
1353 2872 1462 2936 studia

213 2966 341 3062 deberem,
363 2978 411 3042 rei
435 2977 594 3062 publicae,
617 2999 698 3061 quae
717 2981 749 3041 te
770 2977 805 3041 iu
824 2999 875 3041 me
895 2977 1096 3042 restituendo
1115 2976 1256 3041 multum
1275 2978 1461 3062 adiuvisset,

180 3095 272 3141 aean
289 3089 366 3150 certe
390 3107 443 3150 me
467 3085 611 3148 animum
634 3084 752 3149 merito
776 3083 879 3167 ipsius
898 3083 1226 3168 debere'arbitrabar,
1251 3107 1345 3168 quem
1365 3089 1461 3149 antea

216 3183 408 3257 bnanmodo
432 3191 596 3257 communi
620 3191 728 3256 officio
752 3189 882 3274 civium,
905 3213 970 3255 non
993 3189 1103 3273 aliquo
1127 3211 1204 3275 erga
1223 3212 1274 3253 me
1301 3191 1460 3275 singulari

218 3284 339 3362 beneficio
366 3298 514 3362 debitum
541 3298 789 3382 praestitissem.
835 3297 895 3361 hae
926 3319 977 3361 me
1006 3300 1113 3360 mente
1137 3295 1238 3360 fuisse
1267 3301 1300 3360 et
1328 3302 1460 3362 senatus

218 3411 248 3454 0¹
263 3420 301 3466 me
320 3409 351 3469 te
375 3405 509 3471 consule
532 3405 656 3469 audivit
679 3409 712 3468 et
735 3407 772 3468 tu
795 3409 829 3468 in
852 3403 974 3468 nostris
998 3402 1201 3467 sermonibus
1228 3404 1460 3469 conlocutioni-

219 3494 310 3588 b'utque
331 3511 431 3596 [ipse]
456 3511 576 3576 vidisti.
614 3511 676 3576 etsi
700 3511 766 3575 iam
787 3509 902 3594 primis
926 3509 1128 3594 temporibus
1147 3485 1213 3573 illis
1233 3510 1345 3574 multis
1364 3511 1492 3578 rebusa

190 3623 284 3675 ”meus
303 3618 524 3683 offendebatur
547 3618 688 3700 animus,
716 3639 790 3682 cum
815 3621 847 3681 te
871 3621 988 3701 agente
1012 3617 1050 3679 de
1074 3615 1200 3700 reliqua
1222 3622 1336 3680 nostra
1359 3617 1461 3701 digni·

141 3748 145 3755 ¹
220 3712 267 3779 aa
284 3729 333 3788 aut
356 3725 486 3790 occulta
509 3724 740 3789 nonnullorum
761 3723 835 3788 odia
857 3727 914 3787 aut
937 3722 1075 3787 obscura
1097 3723 1131 3786 in
1155 3744 1206 3787 me
1230 3723 1338 3787 studia
1357 3745 1461 3788 cerne·

269 3837 440 3949 {bu—etus,
464 3899 509 3950 pr.
529 3899 546 3934 u
571 3883 602 3934 io
623 3898 678 3936 ras.
703 3881 766 3948 M0,
793 3881 854 3946 Mn
877 3878 1058 3935 anterioris
1081 3881 1111 3933 et
1132 3879 1332 3948 praesentioris
1358 3881 1397 3934 M.
1425 3884 1461 3948 cf.

124 3974 126 3981 ·
221 3935 319 4007 Ridete
338 3953 516 4008 ‘Grandem’
533 3971 563 4021 p.
580 3952 626 4005 55¹
645 3970 681 4022 sq.
700 3957 710 4021 fl
727 3950 944 4022 praesentiores]
964 3949 1182 4020 praestantiores
1202 3968 1225 4008 ς.
1250 3959 1280 4005 at
1298 3954 1331 4018 cs.
1356 3953 1462 4006 Loreor

124 4046 126 4053 -
220 4010 423 4079 repraestare.
441 4029 509 4077 1075
523 4031 548 4077 et
558 4025 656 4078 Pseud,
668 4029 736 4076 1125
750 4028 759 4090 fl
773 4023 814 4076 eis
826 4022 888 4088 Gli,
904 4021 964 4075 eius
974 4023 1008 4075 M
1024 4021 1086 4090 (eiis
1096 4022 1130 4074 M
1135 4023 1155 4090 ¹)
1168 4025 1177 4088 ΙΙ
1192 4027 1216 4076 6,
1231 4021 1378 4075 mirificam
1390 4024 1444 4076 GR
1461 4062 1462 4066 ,

222 4082 238 4131 ⁸·
248 4084 345 4148 fream
363 4113 398 4150 ex
413 4095 517 4147 factam
532 4096 568 4149 M
571 4096 587 4161 ¹,
606 4094 712 4147 saetam
724 4095 777 4148 GR
791 4098 800 4161 ΙΙ
815 4099 839 4146 9.
854 4095 951 4146 nostra
965 4093 1027 4146 uice
1041 4094 1068 4146 It
1082 4098 1091 4159 n
1105 4109 1134 4146 se
1146 4093 1172 4146 It
1187 4098 1195 4162 l]
1210 4095 1462 4147 9.10.alteramea

219 4165 262 4235 Μ
274 4165 338 4220 enim
356 4167 422 4221 add.
442 4165 478 4218 Μ
483 4169 515 4234 fu
531 4173 571 4220 14.
591 4182 777 4233 cognoueram
794 4165 848 4219 (ill
862 4168 870 4231 ΙΙ
892 4171 931 4218 16,
952 4163 1134 4218 acerbiorem
1153 4181 1207 4218 roc.
1226 4182 1323 4218 rsuram
1344 4166 1463 4232 incipere

222 4236 329 4290 emaum
346 4239 505 4308 significant
524 4239 558 4291 a,
577 4238 618 4290 oet
641 4238 844 4305 ineruptionem
863 4235 974 4288 Marcus
993 4234 1088 4288 Cicero
1112 4233 1232 4288 salutem
1256 4234 1326 4288 dicit
1344 4235 1462 4288 Lentulo
1550 4241 1553 4246 “

223 4288 348 4361 luanus
376 4310 441 4363 aaa.
467 4308 494 4362 a
510 4311 519 4376 l
538 4314 580 4362 rr.
604 4306 668 4377 apio
692 4309 724 4361 rr
743 4311 752 4376 l
770 4306 971 4375 reprehendere
997 4307 1051 4360 aa
1068 4319 1077 4372 r
1095 4305 1232 4359 assessis
1256 4306 1301 4373 rr,
1330 4306 1366 4358 aa
1392 4307 1463 4378 usp

225 4368 292 4429 17-18.
304 4379 443 4433 uatinium
457 4395 525 4433 corr.
540 4379 591 4431 Μο
609 4395 643 4431 ex
658 4377 812 4444 uaticiium,
832 4385 863 4430 ut
876 4379 931 4432 oid.
946 4381 955 4445 ΙΙ
973 4381 1011 4431 19.
1021 4377 1118 4446 paullo
1133 4394 1149 4434 ς
1163 4383 1173 4444 ΙΙ
1186 4382 1228 4431 21.
1239 4376 1333 4446 initio]
1349 4376 1376 4429 in
1391 4379 1435 4445 (aa
1457 4421 1462 4432 .

176 4498 179 4503 .
223 4450 248 4489 ⁶⁸·
258 4460 270 4494 α
280 4464 306 4503 m.
321 4456 349 4519 1)
361 4449 448 4504 inicio
465 4452 497 4504 G.
521 4448 603 4502 initio
619 4448 690 4522 <vi>
708 4451 748 4503 uel
763 4448 887 4521 (eursu)
901 4450 973 4503 Boot
987 4449 1110 4517 (besem.
1125 4450 1185 4502 crit.
1200 4449 1237 4502 ad
1253 4448 1307 4502 Cic.
1322 4449 1373 4516 ep?
1387 4466 1416 4516 p.
1427 4455 1464 4517 5),

224 4503 309 4572 <evento
352 4523 376 4575 Τ
375 4522 467 4592 yrrell.
486 4539 524 4574 aa
542 4523 623 4575 verta
641 4538 732 4574 rerum
752 4523 837 4587 atque
856 4518 999 4573 actionum
1016 4521 1128 4572 tuarum
1147 4518 1322 4572 traducenda?
1336 4523 1345 4587 ΙΙ
1359 4524 1402 4573 24.
1418 4520 1464 4573 de·

224 4571 295 4655 berem,
306 4521 388 4646 deber
398 4594 429 4645 in
438 4608 492 4646 ras.
504 4592 598 4660 M⁰,M
610 4596 619 4661 Ι]
634 4598 675 4646 26.
687 4591 772 4644 alicui
784 4592 869 4645 Orelli
882 4594 891 4657 ll
905 4596 947 4644 ⁸27.
958 4592 1081 4643 mentem
1091 4589 1127 4641 M
1137 4592 1241 4658 (mente
1250 4589 1308 4657 Μ’)
1323 4595 1332 4660 ΙΙ
1347 4596 1388 4644 28.
1400 4608 1464 4644 cou-

225 4647 322 4715 edema
345 4662 470 4733 (consule
489 4663 548 4733 Mt)
586 4669 628 4716 28.
643 4668 685 4717 29.
705 4660 1001 4728 conlocationibusque
1020 4660 1055 4714 M
1072 4666 1151 4728 (corr.
1171 4661 1315 4729 M¹)1129.
1334 4660 1393 4731 ipse
1413 4680 1462 4716 orie.

225 4713 305 4857 gip,
318 4751 376 4859 eppo.
394 4750 433 4790 a.
452 4735 517 4789 aaa.
569 4741 581 4769 0
600 4735 675 4805 (aaa
689 4735 725 4802 P)
740 4737 749 4803 ιι
763 4732 862 4786 urrisu
881 4733 922 4801 rr,
942 4730 1048 4786 auersa
1063 4731 1118 4786 aa
1131 4734 1141 4801 l
1155 4736 1196 4788 31.
1216 4731 1246 4785 in
1264 4750 1315 4789 om.
1330 4733 1385 4803 rr,
1403 4751 1463 4804 sup.
