3314 5460
199 333 265 398 440
653 333 689 389 M.
709 332 816 387 TVLLI
835 330 1025 388 CICERONIS

200 502 233 563 et
253 497 443 563 cenantibus
463 496 592 580 obrepit
606 497 799 581 sublataque
815 496 988 562 severitate
1003 496 1229 581 philosophiae
1244 495 1481 560 humanissime

200 605 372 670 nobiscum
395 604 530 670 iocatur.
572 626 669 689 quare
688 605 730 669 da
749 626 890 689 operam,
913 608 950 668 ut
968 602 1054 669 hunc
1074 603 1183 687 talem,
1206 608 1276 667 tam
1293 602 1484 688 iucundum,

164 717 269 777 atam
301 710 511 776 excellentem
539 710 645 774 virum
674 711 783 776 videas
814 732 912 794 quam
940 710 1092 794 primum.
1142 732 1217 774 nam
1247 710 1323 794 quid
1352 731 1414 793 ego
1444 708 1484 773 de

200 817 333 883 Bruttio
362 818 489 882 dicam?
518 840 614 902 quem
641 817 732 882 nullo
761 821 906 903 tempore
935 839 1028 882 ame
1050 818 1160 902 patior
1183 817 1361 900 discedere,
1389 816 1485 882 cuius

202 947 276 990 cum
305 924 394 1009 frugi
423 946 597 1009 severaque
626 929 676 989 est
706 925 786 1010 vita,
817 929 887 989 tum
916 925 1015 989 etiarn
1043 924 1278 990 iucundissima
1305 923 1487 1007 convicti03
1513 945 1527 984 a

201 1045 268 1095 non
295 1035 346 1095 est
374 1032 462 1096 enim
490 1030 655 1096 seiunctus
683 1032 773 1097 iocus
802 1055 823 1096 a
849 1031 1032 1117 philologia
1058 1036 1092 1097 et
1115 1031 1278 1096 cotidiana
1301 1031 1487 1114 συζητήσει.

202 1137 279 1204 huic
298 1159 360 1224 ego
379 1139 487 1204 locum
506 1139 540 1202 in
558 1138 707 1222 proximo
727 1139 865 1205 conduxi
885 1143 927 1223 et,
946 1143 983 1204 ut
1001 1161 1144 1224 possum,
1168 1161 1206 1202 ex
1223 1136 1304 1202 meis
1320 1137 1487 1222 angustiis

168 1245 292 1314 sillius
330 1250 479 1310 sustento
522 1246 726 1310 tenuitatem.
787 1250 956 1330 praeterea
997 1244 1205 1310 declamitare
1239 1243 1360 1309 Graece
1398 1243 1488 1329 apud

204 1351 355 1418 Cassium
379 1352 523 1436 institui,
546 1351 663 1417 Latine
687 1356 796 1417 autem
820 1353 905 1437 apud
928 1352 1098 1417 Bruttium
1121 1351 1263 1417 exerceri
1286 1351 1370 1416 volo.
1409 1356 1490 1415 utor

203 1458 422 1523 familiaribus
446 1463 479 1523 et
503 1459 674 1525 cotidianis
699 1459 955 1545 convictoribus,
978 1482 1059 1544 quos
1083 1481 1193 1525 secum
1218 1458 1384 1544 Mitylenis
1410 1456 1489 1523 Ora·
1506 1479 1532 1518 ro

207 1565 317 1650 tippns
346 1565 493 1651 adduxit,
520 1565 708 1631 hominibus
735 1571 768 1632 et
791 1567 895 1631 doctis
919 1569 952 1632 et
975 1566 1024 1630 illi
1047 1565 1298 1650 probatissimis.
1344 1565 1491 1629 multum

205 1672 305 1736 etiam
329 1694 456 1736 mecum
480 1677 531 1737 est
553 1672 735 1757 Epicrates,
759 1673 909 1757 princeps
935 1672 1193 1756 Atheniensium,
1217 1675 1251 1737 et
1268 1670 1432 1737 Leonides
1456 1675 1491 1735 et

171 1778 324 1850 chorum
357 1780 455 1843 ceteri
489 1779 621 1845 similes.
667 1781 707 1844 rol
734 1776 795 1864 pto
824 1775 887 1846 οὖν
915 1777 995 1845 καθ’
1025 1780 1110 1865 ἡμᾶς
1139 1780 1226 1844 τάδε.
1276 1780 1315 1843 de
1344 1777 1492 1863 Georgia

208 1889 317 1950 autem
342 1887 427 1970 quod
451 1886 532 1950 mihi
554 1885 680 1970 scribis,
703 1891 774 1950 erat
793 1886 923 1971 quidem
941 1886 997 1950 ille
1017 1887 1050 1949 iu
1070 1886 1233 1950 cotidiana
1251 1883 1492 1950 declamatione

206 1992 314 2078 utilis,
345 1993 402 2057 sed
435 1993 545 2056 omnia
571 1991 752 2077 postposui,
784 1993 958 2058 dummodo
987 1992 1170 2077 praeceptis
1198 1991 1302 2077 patris
1329 2011 1493 2074 parerem,
1509 2013 1536 2053 15

208 2099 393 2185 διαρρήδην
416 2099 502 2164 enim
526 2098 716 2184 scripserat,
739 2102 777 2162 ut
800 2121 873 2163 eum
897 2099 1096 2163 dimitterem
1121 2099 1249 2163 statim:
1276 2097 1495 2183 tergiversari

208 2206 313 2291 nolui,
343 2229 384 2271 ne
417 2229 489 2271 mea
519 2206 622 2270 nimia
650 2206 778 2289 σπουδὴ
807 2205 1026 2289 suspicionem
1053 2205 1082 2270 ei
1112 2205 1256 2290 aliquam
1284 2205 1496 2288 importaret,

209 2312 323 2377 deinde
347 2310 427 2377 illud
449 2312 547 2377 etiam
567 2312 648 2377 mihi
668 2312 887 2397 succurrebat,
911 2334 1009 2398 grave
1028 2334 1098 2379 esse
1117 2335 1168 2377 me
1187 2313 1226 2377 de
1245 2310 1365 2376 iudicio
1384 2310 1496 2395 patris

175 2419 366 2503 riudicare3
399 2425 491 2484 tuum
523 2424 633 2484 tamen
662 2418 805 2485 studium
834 2424 867 2484 et
895 2419 1066 2485 eonsilium
1095 2423 1227 2504 gratum
1255 2421 1495 2502 acceptumque

210 2530 260 2590 est
296 2526 386 2590 mihi.
425 2512 681 2591 ‘excusationem
714 2527 938 2612 angustiarum
971 2526 1020 2590 tui
1052 2526 1210 2610 temporis
1243 2525 1382 2609 accipio,
1423 2523 1494 2588 seio
1510 2547 1537 2587 ao

211 2633 306 2716 enim,
330 2655 427 2717 quam
452 2634 557 2698 soleas
581 2654 651 2698 esse
676 2637 860 2717 occupatus.
894 2632 1010 2698 emisse
1033 2637 1067 2698 te
1090 2631 1258 2718 praedium
1282 2631 1497 2695 vehementer

211 2739 336 2823 gaudeo
366 2738 569 2822 feliciterque
597 2739 660 2803 tibi
687 2761 755 2803 rem
784 2740 882 2804 istam
910 2739 1037 2805 evenire
1066 2740 1160 2824 cupio
1183 2738 1313 2803 —hoc
1341 2736 1417 2802 loco
1443 2760 1496 2802 me

212 2846 274 2911 tibi
301 2845 460 2931 gratulari
483 2845 551 2910 noli
575 2845 701 2930 mirari3
729 2847 841 2911 eodem
865 2846 951 2910 enim
975 2847 1041 2910 fere
1064 2845 1135 2910 loco
1159 2849 1195 2909 tu
1220 2867 1349 2929 quoque
1372 2844 1497 2909 emisse

211 2958 244 3017 te
271 2951 378 3017 fecisti
397 2974 448 3016 me
468 2952 639 3018 certiorem
661 2976 714 3037 -3
737 2953 851 3017 habes:
875 2953 1080 3037 deponendae
1101 2953 1162 3016 tibi
1182 2957 1259 3016 sunt
1277 2951 1497 3034 urbanitates,

212 3059 352 3123 rusticus
377 3057 543 3122 Romanus
571 3058 677 3124 factus
704 3081 746 3123 es.
794 3057 955 3143 quomodo
979 3080 1040 3144 ego
1065 3058 1145 3122 mihi
1169 3081 1254 3124 nunc
1277 3062 1354 3122 ante
1379 3056 1498 3121 oculos
1511 3079 1537 3120 aa

212 3169 306 3229 tuum
343 3164 612 3229 iucundissimum
650 3168 859 3249 conspectum
896 3166 1066 3250 propono?
1120 3163 1232 3228 videor
1264 3164 1350 3227 enim
1383 3163 1497 3227 videre

213 3274 373 3336 ementem
393 3275 426 3334 te
446 3272 585 3335 rusticas
605 3294 666 3354 res,
689 3294 763 3337 cum
782 3271 879 3336 vilico
898 3272 1095 3356 loquentem,
1117 3270 1152 3334 in
1170 3270 1290 3335 lacinia
1308 3273 1499 3334 servantem

213 3401 252 3443 ex
276 3399 387 3442 mensa
409 3378 550 3441 secunda
572 3379 704 3443 semina.
741 3379 806 3463 sed,
829 3380 916 3463 quod
940 3378 980 3442 ad
1004 3400 1072 3443 rem
1093 3376 1245 3462 pertinet,
1268 3398 1319 3441 me
1339 3379 1414 3441 tum
1434 3376 1498 3440 tibi

307 3633 328 3679 1.
350 3623 536 3679 caenantibus
554 3625 579 3678 11,
596 3626 612 3678 l.
632 3625 668 3677 M
688 3630 697 3691 11
721 3631 744 3678 1.
764 3630 789 3678 2.
808 3622 955 3678 nobiscum
973 3623 1175 3678 humanissime
1195 3624 1223 3677 D
1246 3627 1254 3685 11
1282 3629 1305 3676 4.
1326 3622 1437 3676 bruttio
1456 3624 1500 3689 M,

216 3696 314 3752 brutio
333 3697 374 3761 D,
393 3697 477 3750 bruto
496 3694 538 3762 F,
563 3693 644 3748 bntIo
664 3695 692 3747 H
720 3696 730 3764 11
757 3701 781 3749 5.
800 3695 940 3748 conuictio
958 3696 1005 3763 M,
1028 3693 1187 3750 coniunctio
1208 3694 1298 3749 FHD
1324 3697 1334 3763 1
1362 3701 1387 3747 6.
1408 3692 1502 3764 iocus]

214 3767 373 3822 locutura
394 3771 403 3836 11
425 3764 594 3836 philologia]
614 3762 759 3839 φιλολογίᾳ
781 3767 879 3833 Orelli,
904 3768 968 3833 sort.
993 3774 1061 3822 recte
1084 3769 1093 3835 11
1117 3768 1272 3834 σινζητησει
1294 3767 1326 3818 ia
1349 3766 1502 3836 archetypo

214 3858 299 3923 sielsoe
317 3857 425 3911 videtur
451 3858 460 3923 11
489 3860 511 3909 7.
532 3854 598 3908 huic
616 3870 682 3922 ergo
701 3853 720 3907 1.
742 3854 772 3906 F
796 3858 805 3920 11
833 3837 1503 3945 8111818111),ςῖΗ,111”.1;(11111111111’11

215 3934 240 3982 9.
260 3926 397 3980 bruttium
416 3927 458 3994 M,
477 3925 601 3979 brutium
620 3925 688 3988 HD,
708 3923 835 3977 brucium
855 3925 877 3978 1
897 3929 962 3993 1110.
982 3925 1102 3979 cotianis
1121 3927 1158 3980 M
1169 3927 1178 3992 11
1192 3923 1336 3993 mitylenis
1350 3924 1393 3990 M,
1415 3924 1502 3978 muti·

215 3998 286 4052 lenis
305 3998 343 4065 D,
362 3997 503 4050 mitilenes
524 3996 591 4063 FII,
609 3994 753 4064 mytilenis
772 4014 796 4052 ς.
830 4000 864 4062 cf.
884 3999 921 4051 ad
939 3996 985 4063 IV,
1002 4004 1025 4063 7,
1041 4003 1057 4050 4
1076 3999 1085 4064 11
1107 4002 1148 4051 13.
1170 3996 1204 4049 de
1224 3995 1341 4066 Gorgia]
1361 3999 1398 4060 cs.
1415 3997 1503 4050 Bluss

217 4070 253 4124 ‘ct
291 4070 371 4123 riecb.
391 4070 564 4124 Beredsamlr.
584 4085 637 4122 arca
654 4069 734 4120 Alex.
754 4068 795 4120 bia
814 4067 898 4136 Aug?
920 4068 1022 4135 (Berol.
1040 4072 1119 4134 1865)
1136 4071 1343 4137 1197111114.
1362 4069 1429 4120 erat
1450 4065 1503 4121 ille

215 4087 330 4209 quidem
348 4139 378 4192 in
397 4140 556 4209 Wesenberp
579 4141 588 4206 11
612 4143 653 4193 11.
672 4154 707 4191 ne
726 4153 770 4190 me
789 4137 876 4190 animi
895 4140 1006 4192 ασπουὸ
1042 4141 1074 4191 ia
1092 4141 1188 4192 arebat
1203 4155 1238 4207 po
1257 4140 1343 4205 favisae
1365 4139 1504 4205 1111161111

218 4217 258 4265 18.
278 4209 367 4278 patris
386 4210 423 4276 D,
443 4212 537 4278 patrea
556 4209 653 4263 MFH
665 4212 674 4276 1
688 4213 730 4262 22.
751 4214 792 4262 23.
813 4225 856 4261 me
876 4208 929 4262 tibi
948 4208 1009 4263 ΕΗ
1042 4209 1136 4276 ,meti
1203 4212 1212 4278 11
1226 4216 1269 4262 24.
1289 4207 1505 4331 habestpeodem

216 4283 294 4336 modo
312 4283 432 4336 absolute
451 4279 574 4333 habendi
592 4299 616 4335 v.
636 4281 669 4333 ds
687 4281 765 4334 bortis
782 4297 851 4334 taur
870 4286 918 4333 ant
938 4279 992 4335 (lic.
1007 4299 1037 4349 p.
1058 4281 1137 4334 Ros-e.
1157 4281 1218 4333 Arri,
1236 4285 1300 4345 132,
1326 4282 1354 4331 in
1397 4297 1450 4334 err.
1466 4279 1504 4347 V,

219 4357 259 4419 18,
275 4357 317 4419 45,
339 4352 439 4406 Curias
457 4354 507 4419 (cp.
527 4350 587 4418 Vll,
602 4357 644 4418 29,
661 4352 695 4419 1),
715 4351 777 4406 niv.
792 4299 889 4418 XXGI,
904 4355 947 4418 34,
963 4356 1003 4404 10.
1036 4353 1227 4417 improbabilis
1246 4352 1333 4404 ultera
1348 4352 1505 4418 explicatio

218 4440 272 4491 qna
293 4440 381 4478 vocem
404 4425 436 4476 in
457 4424 659 4492 prodicatoriae
685 4423 837 4476 vulneratio
863 4424 996 4489 risio-pori
1023 4423 1131 4476 solitam
1160 4424 1204 4490 (cf.
1232 4424 1351 4476 Gronov.
1371 4421 1503 4477 ‘abaco’

214 4510 242 4560 p.
259 4496 321 4562 327)
339 4495 363 4546 b.
383 4510 485 4562 quoque
500 4494 516 4548 1.
531 4500 636 4548 easta-re
655 4493 707 4547 ulii
718 4500 830 4560 1111111111,
847 4494 934 4558 {alsae
949 4495 1119 4548 coniecturae
1138 4495 1221 4562 (celat
1235 4494 1336 4546 Zicberr
1357 4493 1504 4560 ‘eplreruca

221 4563 302 4619 Tull.¹
324 4566 387 4618 diss.
409 4565 497 4618 Bono.
520 4568 588 4616 1887
607 4571 671 4618 sent.
692 4570 775 4618 corrtr.
790 4569 807 4615 4
825 4566 895 4617 corat.
916 4580 1024 4631 suaves,
1043 4566 1095 4618 alii
1109 4565 1176 4632 alia,
1195 4583 1219 4618 o.
1237 4565 1409 4632 ll'rsenbcrp)
1424 4568 1433 4628 1
1447 4563 1507 4618 tibi

218 4635 284 4685 sunt
302 4634 343 4700 M,
362 4637 427 4688 sunt
445 4634 497 4687 tibi
516 4635 607 4690 FIID
620 4637 629 4703 11
643 4640 686 4689 26.
705 4635 860 4705 Romanus]
878 4651 1028 4705 germanus
1050 4635 1346 4704 (1.11111111111111111.
1366 4636 1394 4688 d.
1414 4637 1505 4689 sacha.

220 4702 280 4757 Ges.
299 4706 325 4757 d.
346 4705 425 4758 ll'tss.
445 4705 543 4759 XXIII.
564 4712 639 4760 1888.
656 4709 814 4787 1148311
835 4711 876 4759 26.
896 4705 984 4830 81111111
1002 4705 1071 4758 mibi
1091 4707 1338 4775 1113111111191127.
1359 4708 1507 4760 ementem

219 4774 248 4823 te
267 4772 309 4838 M,
327 4777 419 4828 mente
438 4777 466 4828 te
485 4776 598 4844 1111111
613 4776 698 4830 uihco
717 4777 758 4845 M,
777 4776 873 4832 uillico
893 4777 954 4831 s‘n
