3286 5460
565 371 823 427 EPISTVLARVM
841 372 887 427 III.
909 378 932 427 7.
1347 374 1389 438 59

110 534 310 619 praefectum
330 536 460 600 fabrum
475 558 592 619 meum,
611 534 672 599 tibi
693 536 823 601 obviam
842 535 926 601 misi.
951 537 1100 602 mandavi
1119 536 1250 621 utrique
1270 558 1390 621 eorum,

109 642 177 724 †ut
201 645 275 706 ante
300 642 340 707 ad
363 664 414 706 me
437 647 658 721 excurrerent,
687 645 725 707 ut
748 642 810 708 tibi
839 644 970 708 obviam
996 642 1127 728 prodire
1151 665 1293 727 possemz
1323 666 1390 709 cur·

109 771 184 813 rens
208 748 311 834 Lepta
340 748 429 813 venit
457 749 600 834 mihique
620 747 794 834 ¹nuntiavit
824 752 857 813 te
885 749 949 814 iam
974 753 1082 815 eastra
1112 752 1391 835 praetergressum

109 879 194 940 esse,
225 855 397 921 confestim
420 856 567 920 Iconium
596 854 682 938 veni3
711 859 819 920 cetera
846 855 912 919 iam
941 855 1002 920 tibi
1031 859 1111 919 nota
1139 859 1221 919 sunt.
1263 880 1305 921 aa
1329 879 1390 943 ego

77 963 171 1028 stibi
197 963 326 1028 obviam
350 985 416 1027 non
440 962 617 1046 prodirem,
648 960 789 1044 primum
813 960 921 1046 Appio
945 960 1094 1045 Claudio,
1117 962 1231 1026 deiude
1257 962 1390 1048 impera·

108 1070 185 1153 tori,
209 1070 321 1135 deinde
346 1092 434 1134 more
460 1067 628 1152 maiorum,
651 1067 779 1152 deinde,
803 1069 888 1151 quod
912 1072 1010 1151 eaput
1033 1072 1093 1152 est,
1117 1068 1236 1155 amico,
1260 1092 1333 1135 eum
1356 1070 1390 1135 in

108 1175 174 1241 isto
203 1197 319 1262 genere
352 1176 455 1240 multe
483 1175 584 1239 etiam
611 1175 819 1240 ambitiosius
851 1175 956 1240 facere
985 1175 1123 1260 soleam,
1155 1199 1254 1259 quarn
1285 1177 1390 1242 honos

108 1305 201 1348 meus
224 1287 258 1348 et
280 1282 425 1368 dignitas
444 1282 614 1367 postulat?
652 1282 706 1346 sed
726 1281 806 1346 haee
828 1282 1002 1346 hactenus:
1025 1281 1104 1346 illud
1124 1281 1209 1347 idem
1229 1283 1425 1350 Pausanias

107 1389 238 1454 dicebat
261 1393 293 1454 te
316 1388 450 1454 dixisse:
483 1387 631 1472 quidm?
664 1388 791 1473 Appius
816 1387 969 1472 Lentulo,
993 1387 1151 1453 Lentulus
1175 1388 1296 1474 Ampio
1321 1413 1391 1474 pro·

60 1523 94 1562 ιο
109 1497 211 1562 cessit
229 1496 368 1580 obviarn,
388 1495 501 1562 (licere
518 1494 625 1580 Appio
640 1494 766 1560 noluit?
800 1517 930 1579 quaeso,
949 1495 1090 1560 etiamne
1111 1501 1147 1560 tu
1166 1496 1224 1560 has
1242 1495 1392 1582 ineptiaS,

108 1603 209 1668 homo
224 1625 295 1668 mea
309 1603 472 1669 sententia
491 1625 618 1667 summa
638 1601 818 1687 prudentia,
837 1602 941 1667 multa
960 1602 1059 1666 etiarn
1074 1602 1231 1687 doctrina,
1250 1603 1391 1687 plurimo

108 1732 219 1775 rerum
243 1732 313 1795 usu,
336 1710 418 1775 addo
442 1710 677 1793 urbanitatem,
701 1731 783 1794 quae
808 1712 859 1773 est
881 1708 999 1788 virtus,
1022 1713 1060 1774 ut
1084 1708 1187 1774 Stoici
1210 1710 1391 1776 rectissime

108 1819 243 1902 putant,
272 1817 373 1881 ullam
400 1816 610 1901 Appietatem
639 1821 697 1880 aut
724 1815 960 1882 Lentulitatem
989 1816 1094 1880 valere
1125 1816 1211 1900 apud
1240 1840 1290 1881 me
1317 1818 1391 1901 plus

110 1945 211 2007 quam
238 1930 431 1990 ornamenta
460 1923 590 1989 virtutis
623 1923 813 1989 existimas?
854 1945 928 1988 cum
958 1946 996 1988 ea
1024 1927 1216 1988 consecutus
1249 1924 1391 1988 nondum

62 2052 94 2090 rs
110 2052 210 2114 eram,
229 2052 310 2114 quae
330 2035 408 2096 sunt
425 2015 595 2096 hominum
614 2029 823 2114 opinionibus
843 2029 1055 2114 amplissima,
1074 2035 1183 2096 tamen
1202 2029 1266 2094 ista
1285 2035 1392 2095 vestra

109 2136 245 2202 nomina
266 2160 444 2223 numquam
468 2160 541 2204 sum
565 2137 759 2222 admiratus,
782 2137 869 2201 viros
893 2159 962 2220 eos,
987 2135 1042 2221 qui
1066 2159 1104 2200 ea
1128 2136 1220 2201 vobis
1244 2137 1392 2221 reliquis-

110 2248 199 2327 sent,
231 2266 368 2331 magnos
401 2245 598 2311 arbitrabar:
631 2248 746 2328 postea
775 2266 851 2308 vero
882 2266 979 2328 quam
1007 2243 1055 2306 itu
1084 2247 1117 2307 et
1145 2244 1214 2329 cepi
1243 2248 1276 2308 et
1304 2245 1392 2330 gessi

110 2350 254 2415 maxima
271 2350 418 2438 imperia,
440 2355 479 2416 ut
501 2351 581 2416 mihi
601 2351 683 2416 nihil
703 2372 807 2434 neque
832 2352 872 2415 ad
895 2349 1052 2414 honorem
1071 2372 1174 2433 neque
1194 2351 1234 2414 ad
1253 2350 1392 2436 gloriam

111 2457 346 2542 adquirendum
378 2463 542 2543 putarem,
575 2459 774 2542 superiorem
808 2456 937 2542 quidem
969 2479 1161 2540 numquam,
1194 2458 1249 2522 sed
1280 2480 1393 2542 parem

69 2585 99 2623 se
112 2564 206 2629 vobis
230 2587 281 2630 me
305 2566 432 2651 speravi
456 2588 526 2630 esse
545 2565 678 2630 factum.
714 2587 774 2630 nee
793 2563 975 2629 mehercule
999 2563 1094 2628 aliter
1116 2563 1182 2628 vidi
1206 2564 1392 2629 existimare

110 2671 161 2736 vel
181 2669 239 2736 On.
254 2670 453 2758 Pompeium,
478 2695 574 2757 quem
593 2671 753 2756 omnibus,
778 2671 833 2755 qui
852 2693 1006 2755 umquam
1029 2670 1170 2756 fuerunt,
1193 2672 1243 2735 vel
1264 2670 1297 2735 P.
1314 2670 1393 2736 Len·

112 2777 228 2862 tulum,
253 2801 349 2863 quem
373 2779 454 2844 mihi
477 2778 541 2864 ipsi
565 2784 743 2863 antepono:
766 2783 803 2845 tu
827 2779 854 2844 si
879 2779 973 2843 aliter
998 2777 1180 2862 existimes,
1203 2777 1284 2841 nihil
1309 2800 1392 2842 erra·

111 2883 177 2970 bis,
206 2884 234 2950 si
257 2886 355 2970 paulo
378 2885 583 2972 diligentius,
611 2890 660 2969 ut,
691 2886 768 2970 quid
792 2886 836 2951 sit
860 2886 1023 2970 εὐγένεια,
1055 2886 1132 2971 quid
1156 2885 1200 2951 sit
1227 2883 1393 2968 nobilitas,

112 2991 299 3078 intellegas,
326 2991 570 3077 Athenodorus,
599 2991 759 3058 Sandonis
789 2992 889 3077 filius,
919 2994 996 3077 quid
1024 2993 1063 3058 de
1092 2992 1143 3057 his
1172 2993 1268 3057 rebus
1297 2991 1393 3076 dicat,

78 3112 99 3154 ²⁵
113 3097 306 3163 adtenderis.
348 3099 418 3183 sed,
450 3103 487 3163 ut
515 3099 555 3163 ad
582 3122 650 3164 rem
680 3100 820 3184 redeam,
853 3122 903 3163 me
932 3099 993 3163 tibi
1026 3121 1092 3163 non
1120 3100 1259 3163 amicum
1288 3100 1428 3182 modae

112 3204 344 3269 verumetiam
362 3204 597 3272 amicissimum
616 3206 781 3271 existimes
801 3207 911 3270 velim:
935 3205 1083 3289 profecto
1104 3205 1254 3275 omnibus
1275 3204 1392 3270 officiis

114 3311 194 3375 meis
214 3310 363 3396 efficiam,
389 3316 427 3376 ut
450 3313 498 3386 ita
521 3335 591 3378 esse
611 3336 684 3378 vere
703 3312 808 3396 possis
829 3312 978 3376 iudicare.
1015 3317 1051 3376 tu
1071 3315 1180 3376 autem
1204 3312 1232 3376 si
1256 3312 1289 3376 id
1312 3311 1393 3397 agis,

174 3456 330 3463 -.——-.--—-

202 3546 227 3595 2.
247 3543 280 3594 ut
302 3540 339 3594 ad
362 3558 407 3595 me
433 3541 545 3596 anteG
572 3542 581 3608 ΙΙ
609 3542 687 3613 unte]
712 3558 729 3595 a
753 3544 781 3596 te
799 3549 811 3596 1
831 3543 849 3596 i.
864 3560 885 3598 e.
907 3549 1051 3612 postquam
1075 3549 1098 3596 te
1124 3542 1276 3596 alteruter
1303 3557 1393 3595 eoram
1479 3573 1482 3581 ·

113 3612 224 3666 vidbset
255 3614 371 3682 meisque
403 3614 491 3668 uerbis
514 3612 666 3666 solidasset.
703 3615 738 3681 es.
766 3631 831 3669 aaa.
860 3615 930 3683 phil.
961 3619 1027 3666 1891
1054 3630 1083 3681 p.
1109 3617 1142 3665 70
1169 3614 1179 3680 Ι)
1205 3612 1393 3681 excurrerent]

112 3685 286 3737 recurrerent
307 3684 435 3747 Ernesti,
463 3683 606 3737 currerent
633 3683 805 3755 Wesenberq,
833 3686 943 3739 iniuria
967 3692 1035 3754 puto
1063 3684 1094 3736 ia
1118 3684 1168 3737 boe
1193 3702 1214 3737 e.
1237 3684 1392 3741 haerentes,

114 3759 137 3807 8.
162 3755 192 3807 te
215 3752 286 3824 iam]
310 3753 396 3808 etiam
415 3755 443 3810 R
470 3756 479 3823 ΙΙ
508 3761 532 3807 4,
557 3751 615 3807 iam
638 3756 670 3807 in
692 3756 745 3821 fine
766 3772 802 3810 es.
831 3773 882 3810 om.
906 3756 935 3810 R
957 3757 966 3824 ΙΙ
989 3762 1011 3808 5.
1037 3752 1122 3823 apio
1145 3754 1214 3819 GR,
1244 3753 1317 3833 apud
1343 3753 1379 3805 Μ
1393 3762 1394 3780 ¹

114 3829 137 3878 6.
158 3826 202 3878 est
221 3841 270 3879 om.
291 3825 317 3880 G
339 3828 349 3894 1)
372 3841 434 3878 eum
454 3825 521 3892 GR,
545 3842 596 3879 om.
616 3825 656 3878 M
677 3824 725 3892 qui
744 3826 903 3898 Wesenberg
929 3829 939 3893 )Ι
968 3832 991 3878 9.
1012 3772 1093 3893 quod
1111 3824 1140 3877 ni
1161 3825 1193 3878 G.
1223 3823 1290 3891 qurd
1310 3824 1394 3901 Lam7

114 3897 195 3950 hirtas
231 3898 241 3964 tl
276 3895 377 3966 Ampio
407 3896 434 3950 Ο.
462 3895 497 3949 F.
522 3895 668 3950 Hermann
700 3897 858 3965 (Philotll
883 3915 913 3966 p.
934 3900 1008 3962 114),
1041 3895 1125 3965 appio
1158 3896 1237 3961 MR,
1270 3913 1320 3949 om.
1351 3896 1394 3951 Gt·

116 3972 154 4019 10.
183 3968 216 4019 tu
244 3965 296 4020 has
324 3968 372 4034 M,
404 3970 467 4020 tuas
496 3967 551 4022 GR
574 3970 583 4035 Ι)
607 3972 647 4020 11.
676 3967 759 4022 homo
784 3970 832 4035 M,
865 3971 916 4021 aut
944 3968 998 4023 GR
1025 3970 1034 4035 ΙΙ
1060 3984 1138 4021 meas
1171 3965 1325 4020 sententias
1353 3967 1388 4018 a

114 4036 236 4105 plurima
253 4038 291 4091 M
310 4040 320 4106 ΙΙ
344 4043 383 4091 12.
408 4039 451 4109 utl
479 4040 509 4091 et
531 4041 564 4092 a.
600 4040 633 4094 de
656 4056 685 4094 re
711 4040 745 4106 cs.
770 4039 805 4094 R.
823 4040 942 4106 Aasfeld
971 4040 1014 4092 ‘de
1038 4040 1108 4093 libro
1131 4039 1195 4105 περὶ
1220 4045 1269 4091 τοῦ
1291 4055 1320 4091 π.
1349 4053 1393 4090 ca.

115 4103 187 4162 strar
217 4107 320 4164 eterit?
351 4111 415 4165 dies.
446 4110 568 4180 Gottiey.
596 4115 664 4163 1887
689 4128 719 4178 p.
740 4115 773 4162 la
796 4117 821 4164 et
846 4111 876 4164 0.
895 4111 1015 4165 Ribbeck
1039 4109 1140 4164 Attal.
1169 4111 1194 4164 d.
1223 4109 1307 4162 edcta
1333 4108 1393 4162 Ges.

113 4181 139 4232 d.
165 4180 246 4235 Wiss.
275 4179 371 4234 XXIII.
403 4186 478 4234 1888.
503 4198 533 4248 p.
553 4185 586 4232 47
614 4183 623 4247 1)
652 4186 692 4235 13.
723 4179 895 4249 appietatem
923 4183 969 4249 M,
1000 4181 1075 4250 apud
1102 4183 1162 4249 (ap)
1194 4179 1329 4248 pietatem
1358 4179 1394 4245 R,

115 4254 163 4302 aut
195 4251 332 4319 pietatem
361 4252 387 4307 G
418 4254 427 4319 Ι)
461 4256 500 4304 14.
532 4250 655 4304 nondum
684 4253 763 4319 Ma,
798 4269 853 4305 non
881 4253 909 4307 R
940 4256 950 4321 1)
983 4258 1023 4306 15.
1058 4268 1134 4304 eram
1168 4251 1211 4318 G,
1244 4253 1324 4303 erant
1358 4250 1394 4314 R,

114 4324 175 4373 erat
201 4322 240 4375 M
259 4325 268 4390 Ι)
291 4321 354 4391 ipsa
380 4325 476 4376 vest-ra
503 4322 531 4376 R
554 4323 563 4391 Ι)
588 4328 627 4375 19.
657 4322 861 4391 adquirendam
888 4325 961 4391 MR,
996 4323 1049 4376 -da
1079 4323 1104 4377 G
1128 4324 1137 4388 11
1160 4327 1201 4374 21.
1226 4338 1328 4390 gneum
1352 4322 1394 4386 M,

116 4409 197 4445 neum
217 4393 243 4447 G
271 4396 317 4461 (cs,
336 4393 501 4448 Momnrnm‘
524 4395 561 4447 ad
583 4411 653 4448 mon.
673 4395 744 4448 Aac.
769 4413 798 4462 p.
818 4398 890 4463 209),
911 4394 941 4449 G.
952 4394 1024 4448 NR
1052 4396 1061 4461 ΙΙ
1087 4391 1185 4461 publio
1205 4393 1249 4457 M,
1278 4409 1328 4444 om.
1349 4392 1395 4457 G,

115 4468 156 4515 23.
176 4463 274 4532 paullo
293 4482 309 4522 ς
329 4466 338 4533 ΙΙ
359 4463 428 4533 quid
447 4462 485 4516 sit
502 4463 638 4518 nobilitas
654 4472 717 4534 poet
737 4466 768 4518 K
771 4467 891 4535 legatam
910 4467 959 4519 del.
979 4467 1051 4519 Boot
1070 4464 1159 4530 (‘obs.'
1177 4481 1206 4530 p.
1222 4465 1258 4531 8),
1277 4464 1393 4517 iniuria.

115 4535 149 4599 cf.
168 4537 251 4589 inser.
270 4535 360 4590 Pieid.
379 4535 474 4590 Herus.
490 4535 580 4588 XXIII
594 4555 623 4605 p.
642 4541 693 4588 543
717 4537 761 4605 (οὐ
779 4534 833 4605 γάρ
851 4555 894 4590 τοι
912 4533 1045 4604 πρόγονοι
1064 4533 1114 4587 τὸν
1134 4533 1284 4600 ἐλεύθερον
1303 4532 1395 4602 ἄνδρα

114 4600 235 4659 troam·
252 4649 257 4659 .
274 4650 279 4660 .
297 4649 325 4661 ..
346 4603 361 4660 ὃ
380 4604 412 4660 δὲ
430 4605 484 4660 τὰν
503 4606 589 4675 φύσιν
612 4605 726 4676 ἔλλαχεν
746 4605 864 4672 tettae,
892 4603 1059 4672 εὐπατρίδας
1077 4612 1161 4672 τῆνος
1180 4605 1227 4658 eal
1247 4604 1396 4671 ἐλεύθερος

115 4674 229 4742 ἀτρεκές
248 4675 317 4731 ἐπι·
341 4679 401 4746 eet.)
419 4684 444 4732 et
462 4695 485 4732 o.
504 4678 535 4732 0.
549 4680 676 4732 Imminet
700 4680 802 4733 ‘somna
822 4677 960 4732 Ribbeck-3
981 4677 1030 4745 (Li
1049 4694 1068 4729 s.
1086 4680 1164 4745 1888)
1181 4695 1208 4745 p.
1226 4681 1306 4746 tteq.
1328 4679 1337 4745 Ι)
1358 4675 1397 4729 sit

115 4763 147 4798 as
170 4746 195 4799 si
220 4747 279 4813 M',
303 4755 336 4804 at
358 4750 413 4804 uid.
437 4751 446 4817 I
469 4754 510 4802 24.
532 4746 587 4818 his]
611 4748 647 4801 iis
667 4751 825 4820 Wesenberg
848 4751 858 4816 ΙΙ
880 4753 921 4801 25.
942 4750 1020 4800 atten
1041 4763 1100 4801 eres
1122 4748 1178 4803 GR
1200 4750 1209 4816 Ι)
1231 4748 1344 4803 redeam
1363 4765 1397 4802 ae

117 4816 215 4871 redeas
233 4819 284 4872 111ο
297 4821 307 4888 Ι)
320 4825 362 4874 28.
382 4825 424 4875 27.
444 4819 514 4873 meis
534 4818 633 4873 officiis
654 4821 709 4877 GR
723 4823 733 4890 l
747 4826 787 4875 27.
808 4824 903 4874 autem
923 4819 992 4887 MR,
1011 4821 1105 4874 tamen
1125 4820 1151 4875 G
