<?xml version="1.0" encoding="UTF-8"?>
<!DOCTYPE html PUBLIC "-//W3C//DTD XHTML 1.0 Transitional//EN"
    "http://www.w3.org/TR/xhtml1/DTD/xhtml1-transitional.dtd">
<html xmlns="http://www.w3.org/1999/xhtml" xml:lang="en" lang="en">
 <head>
  <title>
</title>
<meta http-equiv="Content-Type" content="text/html;charset=utf-8" />
  <meta name='ocr-system' content='tesseract 3.04.00' />
  <meta name='ocr-capabilities' content='ocr_page ocr_carea ocr_par ocr_line ocrx_word'/>
</head>
<body>
  <div class='ocr_page' id='page_1' title='image "./mtulliciceronis00koergoog_0251.png"; bbox 0 0 3314 5460; ppageno 0'>
   <div class='ocr_carea' id='block_1_1' title="bbox 209 333 1030 397">
    <p class='ocr_par' dir='ltr' id='par_1_1' title="bbox 209 333 1030 397">
     <span class='ocr_line' id='line_1_1' title="bbox 209 333 1030 397; baseline -0.009 0"><span class='ocrx_word' id='word_1_1' title='bbox 209 335 274 397; x_wconf 80' lang='grc'><strong>212</strong></span> <span class='ocrx_word' id='word_1_2' title='bbox 659 335 696 389; x_wconf 88' lang='grc' dir='ltr'><strong>Μ.</strong></span> <span class='ocrx_word' id='word_1_3' title='bbox 716 334 822 389; x_wconf 83' lang='lat' dir='ltr'><strong>TVLLI</strong></span> <span class='ocrx_word' id='word_1_4' title='bbox 841 333 1030 391; x_wconf 81' lang='lat' dir='ltr'>CICERONIS</span> 
     </span>
    </p>
   </div>
   <div class='ocr_carea' id='block_1_2' title="bbox 205 497 1533 1204">
    <p class='ocr_par' dir='ltr' id='par_1_2' title="bbox 205 497 1533 1204">
     <span class='ocr_line' id='line_1_2' title="bbox 209 497 1533 583; baseline 0.002 -22"><span class='ocrx_word' id='word_1_5' title='bbox 209 498 473 563; x_wconf 87' lang='lat' dir='ltr'><strong>consuetudinem</strong></span> <span class='ocrx_word' id='word_1_6' title='bbox 497 497 669 582; x_wconf 78' lang='lat' dir='ltr'><strong>pristinam</strong></span> <span class='ocrx_word' id='word_1_7' title='bbox 693 504 799 583; x_wconf 86' lang='lat' dir='ltr'><strong>teque,</strong></span> <span class='ocrx_word' id='word_1_8' title='bbox 828 500 913 583; x_wconf 93' lang='lat' dir='ltr'><strong>quod</strong></span> <span class='ocrx_word' id='word_1_9' title='bbox 937 500 971 563; x_wconf 92' lang='lat' dir='ltr'><strong>in</strong></span> <span class='ocrx_word' id='word_1_10' title='bbox 994 520 1032 564; x_wconf 86' lang='lat' dir='ltr'><strong>eo</strong></span> <span class='ocrx_word' id='word_1_11' title='bbox 1056 498 1283 583; x_wconf 86' lang='lat' dir='ltr'><strong>permanseris,</strong></span> <span class='ocrx_word' id='word_1_12' title='bbox 1309 498 1480 583; x_wconf 85' lang='lat' dir='ltr'><strong>sapientia·</strong></span> <span class='ocrx_word' id='word_1_13' title='bbox 1509 538 1533 547; x_wconf 89' lang='lat'>-</span> 
     </span>
     <span class='ocr_line' id='line_1_3' title="bbox 209 605 1533 690; baseline 0.002 -21"><span class='ocrx_word' id='word_1_14' title='bbox 209 629 276 671; x_wconf 88' lang='lat' dir='ltr'><strong>rem</strong></span> <span class='ocrx_word' id='word_1_15' title='bbox 310 628 406 690; x_wconf 88' lang='lat' dir='ltr'><strong>quam</strong></span> <span class='ocrx_word' id='word_1_16' title='bbox 439 627 490 669; x_wconf 91' lang='lat' dir='ltr'><strong>me</strong></span> <span class='ocrx_word' id='word_1_17' title='bbox 520 606 632 670; x_wconf 87' lang='lat' dir='ltr'><strong>dicunt</strong></span> <span class='ocrx_word' id='word_1_18' title='bbox 661 605 769 671; x_wconf 87' lang='lat' dir='ltr'><strong>fuisse.</strong></span> <span class='ocrx_word' id='word_1_19' title='bbox 823 607 1048 690; x_wconf 87' lang='lat' dir='ltr'><strong>quamobrem,</strong></span> <span class='ocrx_word' id='word_1_20' title='bbox 1081 605 1235 690; x_wconf 90' lang='lat' dir='ltr'><strong>quoniam</strong></span> <span class='ocrx_word' id='word_1_21' title='bbox 1268 605 1405 690; x_wconf 88' lang='lat' dir='ltr'><strong>placatis</strong></span> <span class='ocrx_word' id='word_1_22' title='bbox 1437 606 1480 670; x_wconf 87' lang='lat' dir='ltr'><strong>eis</strong></span> <span class='ocrx_word' id='word_1_23' title='bbox 1503 631 1533 671; x_wconf 73' lang='grc' dir='ltr'><strong>ε</strong></span> 
     </span>
     <span class='ocr_line' id='line_1_4' title="bbox 209 712 1533 797; baseline 0.001 -21"><span class='ocrx_word' id='word_1_24' title='bbox 209 718 292 796; x_wconf 88' lang='lat' dir='ltr'><strong>utor,</strong></span> <span class='ocrx_word' id='word_1_25' title='bbox 316 713 426 777; x_wconf 85' lang='lat' dir='ltr'><strong>videor</strong></span> <span class='ocrx_word' id='word_1_26' title='bbox 449 735 578 797; x_wconf 86' lang='lat' dir='ltr'><strong>sperare</strong></span> <span class='ocrx_word' id='word_1_27' title='bbox 603 713 728 796; x_wconf 86' lang='lat' dir='ltr'><strong>debere,</strong></span> <span class='ocrx_word' id='word_1_28' title='bbox 757 712 786 777; x_wconf 87' lang='lat' dir='ltr'><strong>si</strong></span> <span class='ocrx_word' id='word_1_29' title='bbox 809 718 842 778; x_wconf 90' lang='lat' dir='ltr'><strong>te</strong></span> <span class='ocrx_word' id='word_1_30' title='bbox 866 712 1010 796; x_wconf 85' lang='lat' dir='ltr'><strong>viderim,</strong></span> <span class='ocrx_word' id='word_1_31' title='bbox 1034 716 1067 777; x_wconf 87' lang='lat' dir='ltr'><strong>et</strong></span> <span class='ocrx_word' id='word_1_32' title='bbox 1090 734 1138 796; x_wconf 86' lang='lat' dir='ltr'><strong>ea,</strong></span> <span class='ocrx_word' id='word_1_33' title='bbox 1162 733 1244 795; x_wconf 90' lang='lat' dir='ltr'><strong>quae</strong></span> <span class='ocrx_word' id='word_1_34' title='bbox 1267 716 1428 796; x_wconf 89' lang='lat' dir='ltr'><strong>premant,</strong></span> <span class='ocrx_word' id='word_1_35' title='bbox 1449 718 1533 777; x_wconf 64' lang='lat' dir='ltr'><strong>etd</strong></span> 
     </span>
     <span class='ocr_line' id='line_1_5' title="bbox 207 817 1533 903; baseline 0 -21"><span class='ocrx_word' id='word_1_36' title='bbox 207 841 253 902; x_wconf 89' lang='lat' dir='ltr'><strong>ea,</strong></span> <span class='ocrx_word' id='word_1_37' title='bbox 278 841 358 902; x_wconf 87' lang='lat' dir='ltr'><strong>quae</strong></span> <span class='ocrx_word' id='word_1_38' title='bbox 382 819 586 903; x_wconf 89' lang='lat' dir='ltr'><strong>inpendeant‚</strong></span> <span class='ocrx_word' id='word_1_39' title='bbox 609 842 661 884; x_wconf 88' lang='lat' dir='ltr'><strong>me</strong></span> <span class='ocrx_word' id='word_1_40' title='bbox 684 819 779 884; x_wconf 84' lang='lat' dir='ltr'><strong>facile</strong></span> <span class='ocrx_word' id='word_1_41' title='bbox 802 820 956 903; x_wconf 87' lang='lat' dir='ltr'><strong>†turum.</strong></span> <span class='ocrx_word' id='word_1_42' title='bbox 980 818 1201 902; x_wconf 87' lang='lat' dir='ltr'><strong>quamobrem,</strong></span> <span class='ocrx_word' id='word_1_43' title='bbox 1225 818 1346 882; x_wconf 80' lang='lat' dir='ltr'><strong>sivein</strong></span> <span class='ocrx_word' id='word_1_44' title='bbox 1365 817 1533 883; x_wconf 76' lang='lat' dir='ltr'><strong>&#39;hisco--</strong></span> 
     </span>
     <span class='ocr_line' id='line_1_6' title="bbox 206 924 1525 1012; baseline 0.001 -23"><span class='ocrx_word' id='word_1_45' title='bbox 206 926 280 990; x_wconf 88' lang='lat' dir='ltr'><strong>lano</strong></span> <span class='ocrx_word' id='word_1_46' title='bbox 313 924 380 990; x_wconf 84' lang='lat' dir='ltr'><strong>sive</strong></span> <span class='ocrx_word' id='word_1_47' title='bbox 414 928 447 990; x_wconf 90' lang='lat' dir='ltr'><strong>in</strong></span> <span class='ocrx_word' id='word_1_48' title='bbox 481 924 626 992; x_wconf 81' lang='lat' dir='ltr'><strong>Cumano</strong></span> <span class='ocrx_word' id='word_1_49' title='bbox 660 927 699 991; x_wconf 92' lang='lat' dir='ltr'><strong>ad</strong></span> <span class='ocrx_word' id='word_1_50' title='bbox 732 932 764 991; x_wconf 89' lang='lat' dir='ltr'><strong>te</strong></span> <span class='ocrx_word' id='word_1_51' title='bbox 796 927 940 1012; x_wconf 73' lang='lat' dir='ltr'>placebit</span> <span class='ocrx_word' id='word_1_52' title='bbox 972 926 1054 1010; x_wconf 80' lang='lat' dir='ltr'><strong>sive,</strong></span> <span class='ocrx_word' id='word_1_53' title='bbox 1091 926 1177 1011; x_wconf 91' lang='lat' dir='ltr'><strong>quod</strong></span> <span class='ocrx_word' id='word_1_54' title='bbox 1210 925 1345 990; x_wconf 90' lang='lat' dir='ltr'><strong>minime</strong></span> <span class='ocrx_word' id='word_1_55' title='bbox 1377 926 1525 1010; x_wconf 38' lang='lat' dir='ltr'><strong>velim&amp;</strong></span> 
     </span>
     <span class='ocr_line' id='line_1_7' title="bbox 206 1030 1533 1123; baseline 0.001 -28"><span class='ocrx_word' id='word_1_56' title='bbox 206 1031 342 1123; x_wconf 83' lang='lat' dir='ltr'><strong>Itomae,</strong></span> <span class='ocrx_word' id='word_1_57' title='bbox 371 1033 545 1097; x_wconf 92' lang='lat' dir='ltr'><strong>dummodo</strong></span> <span class='ocrx_word' id='word_1_58' title='bbox 574 1032 670 1097; x_wconf 86' lang='lat' dir='ltr'><strong>simul</strong></span> <span class='ocrx_word' id='word_1_59' title='bbox 700 1032 816 1111; x_wconf 91' lang='lat' dir='ltr'><strong>simus,</strong></span> <span class='ocrx_word' id='word_1_60' title='bbox 845 1032 1012 1116; x_wconf 88' lang='lat' dir='ltr'><strong>perficiam</strong></span> <span class='ocrx_word' id='word_1_61' title='bbox 1039 1030 1200 1116; x_wconf 88' lang='lat' dir='ltr'><strong>profecto,</strong></span> <span class='ocrx_word' id='word_1_62' title='bbox 1228 1038 1265 1096; x_wconf 91' lang='lat' dir='ltr'><strong>ut</strong></span> <span class='ocrx_word' id='word_1_63' title='bbox 1292 1032 1325 1096; x_wconf 92' lang='lat' dir='ltr'><strong>id</strong></span> <span class='ocrx_word' id='word_1_64' title='bbox 1355 1033 1533 1116; x_wconf 67' lang='lat' dir='ltr'><strong>utriques</strong></span> 
     </span>
     <span class='ocr_line' id='line_1_8' title="bbox 205 1139 999 1204; baseline -0.001 -1"><span class='ocrx_word' id='word_1_65' title='bbox 205 1144 353 1204; x_wconf 86' lang='lat' dir='ltr'><strong>nostrum</strong></span> <span class='ocrx_word' id='word_1_66' title='bbox 379 1139 679 1204; x_wconf 87' lang='lat' dir='ltr'><strong>commodissimum</strong></span> <span class='ocrx_word' id='word_1_67' title='bbox 702 1161 773 1203; x_wconf 86' lang='lat' dir='ltr'><strong>esse</strong></span> <span class='ocrx_word' id='word_1_68' title='bbox 797 1139 999 1204; x_wconf 89' lang='lat' dir='ltr'><strong>diiudicetur.</strong></span> 
     </span>
    </p>
   </div>
   <div class='ocr_carea' id='block_1_3' title="bbox 645 1368 1042 1580">
    <p class='ocr_par' dir='ltr' id='par_1_3' title="bbox 645 1368 1042 1580">
     <span class='ocr_line' id='line_1_9' title="bbox 754 1368 932 1457; baseline 0 -22"><span class='ocrx_word' id='word_1_69' title='bbox 754 1371 796 1435; x_wconf 90' lang='lat' dir='ltr'><strong>u.</strong></span> <span class='ocrx_word' id='word_1_70' title='bbox 828 1368 932 1457; x_wconf 81' lang='lat'>(204.)</span> 
     </span>
     <span class='ocr_line' id='line_1_10' title="bbox 645 1510 1042 1580; baseline -0.008 0"><span class='ocrx_word' id='word_1_71' title='bbox 645 1512 805 1580; x_wconf 77' lang='lat' dir='ltr'><strong>cronno</strong></span> <span class='ocrx_word' id='word_1_72' title='bbox 830 1510 1042 1579; x_wconf 68' lang='lat' dir='ltr'><strong>vinnom</strong></span> 
     </span>
    </p>
   </div>
   <div class='ocr_carea' id='block_1_4' title="bbox 165 1654 1533 3238">
    <p class='ocr_par' dir='ltr' id='par_1_4' title="bbox 172 1654 1533 2812">
     <span class='ocr_line' id='line_1_11' title="bbox 172 1654 1533 1742; baseline 0 -22"><span class='ocrx_word' id='word_1_73' title='bbox 172 1674 183 1719; x_wconf 87' lang='lat'><em>1</em></span> <span class='ocrx_word' id='word_1_74' title='bbox 294 1654 449 1721; x_wconf 79' lang='lat' dir='ltr'><strong>Caninius</strong></span> <span class='ocrx_word' id='word_1_75' title='bbox 471 1657 590 1740; x_wconf 88' lang='lat' dir='ltr'><strong>†idem</strong></span> <span class='ocrx_word' id='word_1_76' title='bbox 615 1657 718 1721; x_wconf 89' lang='lat' dir='ltr'><strong>eidem</strong></span> <span class='ocrx_word' id='word_1_77' title='bbox 741 1661 864 1741; x_wconf 88' lang='lat' dir='ltr'><strong>noster,</strong></span> <span class='ocrx_word' id='word_1_78' title='bbox 891 1679 964 1723; x_wconf 89' lang='lat' dir='ltr'><strong>cum</strong></span> <span class='ocrx_word' id='word_1_79' title='bbox 991 1657 1031 1721; x_wconf 90' lang='lat' dir='ltr'><strong>ad</strong></span> <span class='ocrx_word' id='word_1_80' title='bbox 1055 1679 1106 1721; x_wconf 90' lang='lat' dir='ltr'><strong>me</strong></span> <span class='ocrx_word' id='word_1_81' title='bbox 1130 1657 1317 1742; x_wconf 79' lang='lat' dir='ltr'><strong>pervesperi</strong></span> <span class='ocrx_word' id='word_1_82' title='bbox 1339 1657 1533 1722; x_wconf 76' lang='lat' dir='ltr'><strong>venisse.</strong></span> 
     </span>
     <span class='ocr_line' id='line_1_12' title="bbox 203 1762 1533 1848; baseline 0.003 -23"><span class='ocrx_word' id='word_1_83' title='bbox 203 1767 237 1826; x_wconf 90' lang='lat' dir='ltr'><strong>et</strong></span> <span class='ocrx_word' id='word_1_84' title='bbox 264 1785 298 1828; x_wconf 89' lang='lat' dir='ltr'><strong>se</strong></span> <span class='ocrx_word' id='word_1_85' title='bbox 326 1763 484 1847; x_wconf 73' lang='lat' dir='ltr'><strong>postridie</strong></span> <span class='ocrx_word' id='word_1_86' title='bbox 513 1786 607 1827; x_wconf 88' lang='lat' dir='ltr'><strong>mane</strong></span> <span class='ocrx_word' id='word_1_87' title='bbox 635 1764 675 1827; x_wconf 90' lang='lat' dir='ltr'><strong>ad</strong></span> <span class='ocrx_word' id='word_1_88' title='bbox 702 1769 734 1828; x_wconf 86' lang='lat' dir='ltr'><strong>te</strong></span> <span class='ocrx_word' id='word_1_89' title='bbox 762 1764 886 1827; x_wconf 88' lang='lat' dir='ltr'><strong>iturum</strong></span> <span class='ocrx_word' id='word_1_90' title='bbox 915 1785 986 1829; x_wconf 88' lang='lat' dir='ltr'><strong>esse</strong></span> <span class='ocrx_word' id='word_1_91' title='bbox 1015 1762 1164 1848; x_wconf 75' lang='lat' dir='ltr'><strong>dixisset,</strong></span> <span class='ocrx_word' id='word_1_92' title='bbox 1196 1763 1263 1828; x_wconf 87' lang='lat' dir='ltr'><strong>dixi</strong></span> <span class='ocrx_word' id='word_1_93' title='bbox 1293 1764 1324 1828; x_wconf 88' lang='lat' dir='ltr'><strong>ei</strong></span> <span class='ocrx_word' id='word_1_94' title='bbox 1352 1786 1406 1828; x_wconf 90' lang='lat' dir='ltr'><strong>me</strong></span> <span class='ocrx_word' id='word_1_95' title='bbox 1434 1764 1533 1829; x_wconf 91' lang='lat' dir='ltr'><strong>da—</strong></span> 
     </span>
     <span class='ocr_line' id='line_1_13' title="bbox 203 1869 1516 1956; baseline 0.002 -23"><span class='ocrx_word' id='word_1_96' title='bbox 203 1874 313 1934; x_wconf 88' lang='lat' dir='ltr'><strong>turum</strong></span> <span class='ocrx_word' id='word_1_97' title='bbox 337 1870 520 1934; x_wconf 86' lang='lat' dir='ltr'><strong>litterarum</strong></span> <span class='ocrx_word' id='word_1_98' title='bbox 549 1869 685 1955; x_wconf 67' lang='lat' dir='ltr'><strong>aliquid,</strong></span> <span class='ocrx_word' id='word_1_99' title='bbox 718 1893 811 1934; x_wconf 89' lang='lat' dir='ltr'><strong>mane</strong></span> <span class='ocrx_word' id='word_1_100' title='bbox 835 1874 873 1935; x_wconf 91' lang='lat' dir='ltr'><strong>ut</strong></span> <span class='ocrx_word' id='word_1_101' title='bbox 895 1874 1030 1956; x_wconf 86' lang='lat' dir='ltr'><strong>peteret,</strong></span> <span class='ocrx_word' id='word_1_102' title='bbox 1053 1870 1180 1955; x_wconf 82' lang='lat' dir='ltr'><strong>rogavi:</strong></span> <span class='ocrx_word' id='word_1_103' title='bbox 1213 1870 1398 1955; x_wconf 81' lang='lat' dir='ltr'><strong>conscripsi</strong></span> <span class='ocrx_word' id='word_1_104' title='bbox 1421 1871 1516 1955; x_wconf 85' lang='lat' dir='ltr'><strong>epi·</strong></span> 
     </span>
     <span class='ocr_line' id='line_1_14' title="bbox 203 1976 1503 2061; baseline 0.002 -20"><span class='ocrx_word' id='word_1_105' title='bbox 203 1977 325 2041; x_wconf 85' lang='lat' dir='ltr'><strong>stolam</strong></span> <span class='ocrx_word' id='word_1_106' title='bbox 352 1982 465 2061; x_wconf 82' lang='lat' dir='ltr'><strong>noctu3</strong></span> <span class='ocrx_word' id='word_1_107' title='bbox 494 1999 554 2042; x_wconf 90' lang='lat' dir='ltr'><strong>nec</strong></span> <span class='ocrx_word' id='word_1_108' title='bbox 583 1976 638 2041; x_wconf 89' lang='lat' dir='ltr'><strong>ille</strong></span> <span class='ocrx_word' id='word_1_109' title='bbox 670 1977 709 2041; x_wconf 92' lang='lat' dir='ltr'><strong>ad</strong></span> <span class='ocrx_word' id='word_1_110' title='bbox 737 1999 789 2042; x_wconf 87' lang='lat' dir='ltr'><strong>me</strong></span> <span class='ocrx_word' id='word_1_111' title='bbox 817 1977 926 2041; x_wconf 88' lang='lat' dir='ltr'><strong>rediit:</strong></span> <span class='ocrx_word' id='word_1_112' title='bbox 959 1976 1099 2041; x_wconf 87' lang='lat' dir='ltr'><strong>oblitum</strong></span> <span class='ocrx_word' id='word_1_113' title='bbox 1130 1976 1259 2042; x_wconf 88' lang='lat' dir='ltr'><strong>credidi.</strong></span> <span class='ocrx_word' id='word_1_114' title='bbox 1306 2000 1345 2043; x_wconf 91' lang='lat' dir='ltr'><strong>ac</strong></span> <span class='ocrx_word' id='word_1_115' title='bbox 1374 1982 1503 2043; x_wconf 88' lang='lat' dir='ltr'><strong>tamen</strong></span> 
     </span>
     <span class='ocr_line' id='line_1_15' title="bbox 203 2083 1491 2169; baseline 0.001 -20"><span class='ocrx_word' id='word_1_116' title='bbox 203 2107 274 2150; x_wconf 87' lang='lat' dir='ltr'><strong>eam</strong></span> <span class='ocrx_word' id='word_1_117' title='bbox 307 2085 413 2169; x_wconf 89' lang='lat' dir='ltr'><strong>ipsam</strong></span> <span class='ocrx_word' id='word_1_118' title='bbox 445 2084 507 2149; x_wconf 91' lang='lat' dir='ltr'><strong>tibi</strong></span> <span class='ocrx_word' id='word_1_119' title='bbox 540 2084 713 2169; x_wconf 86' lang='lat' dir='ltr'><strong>epistulam</strong></span> <span class='ocrx_word' id='word_1_120' title='bbox 746 2083 908 2149; x_wconf 86' lang='lat' dir='ltr'><strong>misissem</strong></span> <span class='ocrx_word' id='word_1_121' title='bbox 936 2106 994 2169; x_wconf 87' lang='lat' dir='ltr'><strong>per</strong></span> <span class='ocrx_word' id='word_1_122' title='bbox 1020 2105 1124 2163; x_wconf 89' lang='lat' dir='ltr'><strong>meos,</strong></span> <span class='ocrx_word' id='word_1_123' title='bbox 1156 2084 1221 2149; x_wconf 88' lang='lat' dir='ltr'><strong>nisi</strong></span> <span class='ocrx_word' id='word_1_124' title='bbox 1251 2085 1420 2151; x_wconf 80' lang='lat' dir='ltr'><strong>audissem</strong></span> <span class='ocrx_word' id='word_1_125' title='bbox 1447 2107 1491 2150; x_wconf 80' lang='lat' dir='ltr'><strong>ex</strong></span> 
     </span>
     <span class='ocr_line' id='line_1_16' title="bbox 202 2190 1533 2278; baseline -0.002 -23"><span class='ocrx_word' id='word_1_126' title='bbox 202 2192 314 2257; x_wconf 87' lang='lat' dir='ltr'><strong>eodem</strong></span> <span class='ocrx_word' id='word_1_127' title='bbox 346 2191 504 2277; x_wconf 87' lang='lat' dir='ltr'><strong>postridie</strong></span> <span class='ocrx_word' id='word_1_128' title='bbox 537 2196 570 2256; x_wconf 88' lang='lat' dir='ltr'><strong>te</strong></span> <span class='ocrx_word' id='word_1_129' title='bbox 603 2214 697 2256; x_wconf 86' lang='lat' dir='ltr'><strong>mane</strong></span> <span class='ocrx_word' id='word_1_130' title='bbox 725 2190 950 2256; x_wconf 84' lang='lat' dir='ltr'><strong>cTusculano</strong></span> <span class='ocrx_word' id='word_1_131' title='bbox 978 2190 1149 2257; x_wconf 86' lang='lat' dir='ltr'><strong>exiturum</strong></span> <span class='ocrx_word' id='word_1_132' title='bbox 1196 2196 1231 2256; x_wconf 88' lang='lat' dir='ltr'><strong>at</strong></span> <span class='ocrx_word' id='word_1_133' title='bbox 1257 2192 1321 2257; x_wconf 89' lang='lat' dir='ltr'><strong>tibi</strong></span> <span class='ocrx_word' id='word_1_134' title='bbox 1350 2197 1533 2278; x_wconf 64' lang='lat' dir='ltr'><strong>repentem</strong></span> 
     </span>
     <span class='ocr_line' id='line_1_17' title="bbox 201 2295 1478 2383; baseline 0.002 -21"><span class='ocrx_word' id='word_1_135' title='bbox 201 2298 313 2383; x_wconf 88' lang='lat' dir='ltr'><strong>paucis</strong></span> <span class='ocrx_word' id='word_1_136' title='bbox 337 2304 413 2383; x_wconf 91' lang='lat' dir='ltr'><strong>post</strong></span> <span class='ocrx_word' id='word_1_137' title='bbox 436 2300 559 2379; x_wconf 88' lang='lat' dir='ltr'><strong>diebus,</strong></span> <span class='ocrx_word' id='word_1_138' title='bbox 583 2322 656 2364; x_wconf 91' lang='lat' dir='ltr'><strong>cum</strong></span> <span class='ocrx_word' id='word_1_139' title='bbox 675 2299 809 2363; x_wconf 86' lang='lat' dir='ltr'><strong>minime</strong></span> <span class='ocrx_word' id='word_1_140' title='bbox 832 2302 1063 2383; x_wconf 83' lang='lat' dir='ltr'><strong>exspectarem,</strong></span> <span class='ocrx_word' id='word_1_141' title='bbox 1086 2298 1176 2363; x_wconf 83' lang='lat' dir='ltr'><strong>venit</strong></span> <span class='ocrx_word' id='word_1_142' title='bbox 1194 2299 1235 2363; x_wconf 85' lang='lat' dir='ltr'><strong>ad</strong></span> <span class='ocrx_word' id='word_1_143' title='bbox 1253 2321 1307 2363; x_wconf 89' lang='lat' dir='ltr'><strong>me</strong></span> <span class='ocrx_word' id='word_1_144' title='bbox 1326 2295 1478 2365; x_wconf 81' lang='lat' dir='ltr'><strong>Caninius</strong></span> 
     </span>
     <span class='ocr_line' id='line_1_18' title="bbox 201 2404 1475 2491; baseline 0.002 -22"><span class='ocrx_word' id='word_1_145' title='bbox 201 2427 308 2489; x_wconf 70' lang='lat' dir='ltr'><strong>mane,</strong></span> <span class='ocrx_word' id='word_1_146' title='bbox 341 2406 503 2490; x_wconf 86' lang='lat' dir='ltr'><strong>proficisci</strong></span> <span class='ocrx_word' id='word_1_147' title='bbox 531 2407 571 2471; x_wconf 89' lang='lat' dir='ltr'><strong>ad</strong></span> <span class='ocrx_word' id='word_1_148' title='bbox 599 2411 631 2470; x_wconf 86' lang='lat' dir='ltr'><strong>te</strong></span> <span class='ocrx_word' id='word_1_149' title='bbox 660 2405 774 2471; x_wconf 89' lang='lat' dir='ltr'><strong>statim</strong></span> <span class='ocrx_word' id='word_1_150' title='bbox 802 2405 893 2470; x_wconf 84' lang='lat' dir='ltr'><strong>dixit.</strong></span> <span class='ocrx_word' id='word_1_151' title='bbox 938 2405 1002 2470; x_wconf 85' lang='lat' dir='ltr'><strong>etsi</strong></span> <span class='ocrx_word' id='word_1_152' title='bbox 1032 2410 1104 2470; x_wconf 87' lang='lat' dir='ltr'><strong>erat</strong></span> <span class='ocrx_word' id='word_1_153' title='bbox 1126 2404 1229 2483; x_wconf 77' lang='grc' dir='ltr'><em>ἕωλος</em></span> <span class='ocrx_word' id='word_1_154' title='bbox 1250 2405 1311 2471; x_wconf 90' lang='lat' dir='ltr'><strong>illa</strong></span> <span class='ocrx_word' id='word_1_155' title='bbox 1333 2407 1475 2491; x_wconf 84' lang='lat' dir='ltr'><strong>epistula,</strong></span> 
     </span>
     <span class='ocr_line' id='line_1_19' title="bbox 201 2512 1476 2597; baseline 0.001 -21"><span class='ocrx_word' id='word_1_156' title='bbox 201 2513 394 2596; x_wconf 86' lang='lat' dir='ltr'><strong>pracsertim</strong></span> <span class='ocrx_word' id='word_1_157' title='bbox 418 2514 520 2578; x_wconf 88' lang='lat' dir='ltr'><strong>tantis</strong></span> <span class='ocrx_word' id='word_1_158' title='bbox 546 2519 660 2597; x_wconf 90' lang='lat' dir='ltr'><strong>postea</strong></span> <span class='ocrx_word' id='word_1_159' title='bbox 681 2513 775 2577; x_wconf 84' lang='lat' dir='ltr'><strong>novis</strong></span> <span class='ocrx_word' id='word_1_160' title='bbox 799 2512 896 2577; x_wconf 88' lang='lat' dir='ltr'><strong>rebus</strong></span> <span class='ocrx_word' id='word_1_161' title='bbox 920 2512 1048 2593; x_wconf 84' lang='lat' dir='ltr'><strong>adlatis,</strong></span> <span class='ocrx_word' id='word_1_162' title='bbox 1071 2517 1181 2577; x_wconf 89' lang='lat' dir='ltr'><strong>tamen</strong></span> <span class='ocrx_word' id='word_1_163' title='bbox 1203 2513 1311 2597; x_wconf 86' lang='lat' dir='ltr'><strong>perire</strong></span> <span class='ocrx_word' id='word_1_164' title='bbox 1334 2513 1476 2579; x_wconf 82' lang='lat' dir='ltr'><strong>lucubra-</strong></span> 
     </span>
     <span class='ocr_line' id='line_1_20' title="bbox 200 2617 1475 2704; baseline 0 -21"><span class='ocrx_word' id='word_1_165' title='bbox 200 2619 324 2684; x_wconf 89' lang='lat' dir='ltr'><strong>tionem</strong></span> <span class='ocrx_word' id='word_1_166' title='bbox 358 2642 463 2684; x_wconf 90' lang='lat' dir='ltr'><strong>meam</strong></span> <span class='ocrx_word' id='word_1_167' title='bbox 494 2619 585 2684; x_wconf 91' lang='lat' dir='ltr'><strong>nolui</strong></span> <span class='ocrx_word' id='word_1_168' title='bbox 613 2624 647 2684; x_wconf 90' lang='lat' dir='ltr'><strong>et</strong></span> <span class='ocrx_word' id='word_1_169' title='bbox 675 2642 747 2684; x_wconf 85' lang='lat' dir='ltr'><strong>eam</strong></span> <span class='ocrx_word' id='word_1_170' title='bbox 775 2619 880 2703; x_wconf 88' lang='lat' dir='ltr'><strong>ipsam</strong></span> <span class='ocrx_word' id='word_1_171' title='bbox 906 2617 1043 2684; x_wconf 83' lang='lat' dir='ltr'><strong>Caninio</strong></span> <span class='ocrx_word' id='word_1_172' title='bbox 1072 2618 1159 2704; x_wconf 79' lang='lat' dir='ltr'><strong>dedi3</strong></span> <span class='ocrx_word' id='word_1_173' title='bbox 1189 2620 1247 2684; x_wconf 89' lang='lat' dir='ltr'><strong>sed</strong></span> <span class='ocrx_word' id='word_1_174' title='bbox 1275 2642 1351 2686; x_wconf 90' lang='lat' dir='ltr'><strong>cum</strong></span> <span class='ocrx_word' id='word_1_175' title='bbox 1379 2642 1418 2685; x_wconf 89' lang='lat' dir='ltr'><strong>eo</strong></span> <span class='ocrx_word' id='word_1_176' title='bbox 1445 2625 1475 2684; x_wconf 84' lang='lat' dir='ltr'><strong>ul</strong></span> 
     </span>
     <span class='ocr_line' id='line_1_21' title="bbox 201 2725 1508 2812; baseline 0.002 -21"><span class='ocrx_word' id='word_1_177' title='bbox 201 2749 273 2791; x_wconf 89' lang='lat' dir='ltr'><strong>cum</strong></span> <span class='ocrx_word' id='word_1_178' title='bbox 303 2726 433 2792; x_wconf 89' lang='lat' dir='ltr'><strong>homine</strong></span> <span class='ocrx_word' id='word_1_179' title='bbox 462 2727 558 2791; x_wconf 92' lang='lat' dir='ltr'><strong>docto</strong></span> <span class='ocrx_word' id='word_1_180' title='bbox 587 2732 620 2792; x_wconf 89' lang='lat' dir='ltr'><strong>et</strong></span> <span class='ocrx_word' id='word_1_181' title='bbox 648 2726 874 2791; x_wconf 88' lang='lat' dir='ltr'><strong>amantissimo</strong></span> <span class='ocrx_word' id='word_1_182' title='bbox 903 2725 951 2789; x_wconf 87' lang='lat' dir='ltr'><strong>tui</strong></span> <span class='ocrx_word' id='word_1_183' title='bbox 974 2725 1104 2790; x_wconf 89' lang='lat' dir='ltr'><strong>locutus</strong></span> <span class='ocrx_word' id='word_1_184' title='bbox 1128 2748 1167 2791; x_wconf 89' lang='lat' dir='ltr'><strong>ea</strong></span> <span class='ocrx_word' id='word_1_185' title='bbox 1189 2748 1275 2807; x_wconf 89' lang='lat' dir='ltr'><strong>sum,</strong></span> <span class='ocrx_word' id='word_1_186' title='bbox 1304 2748 1390 2812; x_wconf 88' lang='lat' dir='ltr'><strong>quae</strong></span> <span class='ocrx_word' id='word_1_187' title='bbox 1412 2746 1508 2812; x_wconf 64' lang='lat' dir='ltr'><strong>pera</strong></span> 
     </span>
    </p>

    <p class='ocr_par' dir='ltr' id='par_1_5' title="bbox 165 2832 1480 3238">
     <span class='ocr_line' id='line_1_22' title="bbox 165 2832 1476 2918; baseline 0.002 -22"><span class='ocrx_word' id='word_1_188' title='bbox 165 2833 316 2897; x_wconf 79' lang='lat' dir='ltr'><strong>atulisse</strong></span> <span class='ocrx_word' id='word_1_189' title='bbox 343 2833 439 2897; x_wconf 87' lang='lat' dir='ltr'><strong>illum</strong></span> <span class='ocrx_word' id='word_1_190' title='bbox 467 2834 506 2898; x_wconf 88' lang='lat' dir='ltr'><strong>ad</strong></span> <span class='ocrx_word' id='word_1_191' title='bbox 535 2838 568 2897; x_wconf 87' lang='lat' dir='ltr'><strong>te</strong></span> <span class='ocrx_word' id='word_1_192' title='bbox 598 2832 758 2898; x_wconf 88' lang='lat' dir='ltr'><strong>existimo.</strong></span> <span class='ocrx_word' id='word_1_193' title='bbox 805 2832 869 2896; x_wconf 91' lang='lat' dir='ltr'><strong>tibi</strong></span> <span class='ocrx_word' id='word_1_194' title='bbox 896 2837 1006 2897; x_wconf 87' lang='lat' dir='ltr'><strong>autem</strong></span> <span class='ocrx_word' id='word_1_195' title='bbox 1033 2833 1119 2897; x_wconf 90' lang='lat' dir='ltr'><strong>idem</strong></span> <span class='ocrx_word' id='word_1_196' title='bbox 1150 2832 1277 2898; x_wconf 89' lang='lat' dir='ltr'><strong>consilii</strong></span> <span class='ocrx_word' id='word_1_197' title='bbox 1306 2833 1363 2916; x_wconf 90' lang='lat' dir='ltr'><strong>do,</strong></span> <span class='ocrx_word' id='word_1_198' title='bbox 1396 2834 1476 2918; x_wconf 90' lang='lat' dir='ltr'><strong>quod</strong></span> 
     </span>
     <span class='ocr_line' id='line_1_23' title="bbox 201 2939 1478 3025; baseline 0.001 -23"><span class='ocrx_word' id='word_1_199' title='bbox 201 2939 351 3003; x_wconf 84' lang='lat' dir='ltr'><strong>mihimet</strong></span> <span class='ocrx_word' id='word_1_200' title='bbox 373 2940 450 3024; x_wconf 90' lang='lat' dir='ltr'><strong>ipsi,</strong></span> <span class='ocrx_word' id='word_1_201' title='bbox 480 2945 515 3004; x_wconf 89' lang='lat' dir='ltr'><strong>ut</strong></span> <span class='ocrx_word' id='word_1_202' title='bbox 538 2940 678 3005; x_wconf 86' lang='lat' dir='ltr'><strong>vitemus</strong></span> <span class='ocrx_word' id='word_1_203' title='bbox 702 2941 813 3005; x_wconf 90' lang='lat' dir='ltr'><strong>oculos</strong></span> <span class='ocrx_word' id='word_1_204' title='bbox 836 2939 1020 3023; x_wconf 91' lang='lat' dir='ltr'><strong>hominum,</strong></span> <span class='ocrx_word' id='word_1_205' title='bbox 1048 2939 1075 3004; x_wconf 89' lang='lat' dir='ltr'><strong>si</strong></span> <span class='ocrx_word' id='word_1_206' title='bbox 1100 2939 1230 3025; x_wconf 83' lang='lat' dir='ltr'><strong>linguas</strong></span> <span class='ocrx_word' id='word_1_207' title='bbox 1254 2939 1365 3005; x_wconf 86' lang='lat' dir='ltr'><strong>minus</strong></span> <span class='ocrx_word' id='word_1_208' title='bbox 1387 2939 1478 3005; x_wconf 84' lang='lat' dir='ltr'><strong>facile</strong></span> 
     </span>
     <span class='ocr_line' id='line_1_24' title="bbox 200 3045 1480 3131; baseline 0.003 -24"><span class='ocrx_word' id='word_1_209' title='bbox 200 3045 377 3130; x_wconf 82' lang='lat' dir='ltr'><strong>possimus3</strong></span> <span class='ocrx_word' id='word_1_210' title='bbox 401 3047 457 3130; x_wconf 91' lang='lat' dir='ltr'><strong>qui</strong></span> <span class='ocrx_word' id='word_1_211' title='bbox 481 3047 568 3111; x_wconf 90' lang='lat' dir='ltr'><strong>enim</strong></span> <span class='ocrx_word' id='word_1_212' title='bbox 591 3047 729 3111; x_wconf 85' lang='lat' dir='ltr'><strong>victoria</strong></span> <span class='ocrx_word' id='word_1_213' title='bbox 752 3068 785 3111; x_wconf 91' lang='lat' dir='ltr'><strong>se</strong></span> <span class='ocrx_word' id='word_1_214' title='bbox 810 3045 957 3129; x_wconf 88' lang='lat' dir='ltr'><strong>efferunt,</strong></span> <span class='ocrx_word' id='word_1_215' title='bbox 981 3046 1073 3130; x_wconf 88' lang='lat' dir='ltr'><strong>quasi</strong></span> <span class='ocrx_word' id='word_1_216' title='bbox 1097 3046 1203 3112; x_wconf 84' lang='lat' dir='ltr'><strong>victos</strong></span> <span class='ocrx_word' id='word_1_217' title='bbox 1221 3068 1283 3112; x_wconf 89' lang='lat' dir='ltr'><strong>nos</strong></span> <span class='ocrx_word' id='word_1_218' title='bbox 1301 3046 1480 3131; x_wconf 88' lang='lat' dir='ltr'><strong>intuentur,</strong></span> 
     </span>
     <span class='ocr_line' id='line_1_25' title="bbox 200 3152 1478 3238; baseline 0.004 -24"><span class='ocrx_word' id='word_1_219' title='bbox 200 3152 257 3235; x_wconf 90' lang='lat' dir='ltr'><strong>qui</strong></span> <span class='ocrx_word' id='word_1_220' title='bbox 277 3157 385 3216; x_wconf 88' lang='lat' dir='ltr'><strong>autem</strong></span> <span class='ocrx_word' id='word_1_221' title='bbox 406 3153 509 3216; x_wconf 86' lang='lat' dir='ltr'><strong>victos</strong></span> <span class='ocrx_word' id='word_1_222' title='bbox 528 3159 659 3218; x_wconf 88' lang='lat' dir='ltr'><strong>nostros</strong></span> <span class='ocrx_word' id='word_1_223' title='bbox 679 3154 816 3219; x_wconf 86' lang='lat' dir='ltr'><strong>moleste</strong></span> <span class='ocrx_word' id='word_1_224' title='bbox 836 3153 954 3236; x_wconf 87' lang='lat' dir='ltr'><strong>ferunt,</strong></span> <span class='ocrx_word' id='word_1_225' title='bbox 977 3174 1038 3218; x_wconf 87' lang='lat' dir='ltr'><strong>nos</strong></span> <span class='ocrx_word' id='word_1_226' title='bbox 1058 3152 1170 3218; x_wconf 86' lang='lat' dir='ltr'><strong>dolent</strong></span> <span class='ocrx_word' id='word_1_227' title='bbox 1188 3152 1306 3218; x_wconf 81' lang='lat' dir='ltr'><strong>vivers.</strong></span> <span class='ocrx_word' id='word_1_228' title='bbox 1344 3175 1478 3238; x_wconf 86' lang='lat' dir='ltr'><strong>quaeres</strong></span> 
     </span>
    </p>
   </div>
   <div class='ocr_carea' id='block_1_5' title="bbox 290 3345 1480 3420">
    <p class='ocr_par' dir='ltr' id='par_1_6' title="bbox 290 3345 1480 3427">
     <span class='ocr_line' id='line_1_26' title="bbox 290 3345 1480 3420; baseline 0.003 -22"><span class='ocrx_word' id='word_1_229' title='bbox 290 3351 313 3400; x_wconf 94' lang='lat'><strong>1.</strong></span> <span class='ocrx_word' id='word_1_230' title='bbox 333 3346 379 3417; x_wconf 92' lang='lat' dir='ltr'><strong>eo]</strong></span> <span class='ocrx_word' id='word_1_231' title='bbox 405 3362 440 3400; x_wconf 87' lang='lat' dir='ltr'><strong>ea</strong></span> <span class='ocrx_word' id='word_1_232' title='bbox 458 3347 516 3401; x_wconf 74' lang='lat' dir='ltr'><strong>alii.</strong></span> <span class='ocrx_word' id='word_1_233' title='bbox 550 3348 584 3413; x_wconf 76' lang='lat' dir='ltr'><strong>cf.</strong></span> <span class='ocrx_word' id='word_1_234' title='bbox 603 3348 845 3420; x_wconf 63' lang='lat' dir='ltr'><strong>lislay-Sciam</strong></span> <span class='ocrx_word' id='word_1_235' title='bbox 862 3347 943 3402; x_wconf 71' lang='lat' dir='ltr'><strong>solsol.</strong></span> <span class='ocrx_word' id='word_1_236' title='bbox 961 3353 1033 3417; x_wconf 71' lang='lat' dir='ltr'><strong>aym.</strong></span> <span class='ocrx_word' id='word_1_237' title='bbox 1052 3347 1116 3402; x_wconf 81' lang='lat' dir='ltr'><strong>Lat.</strong></span> <span class='ocrx_word' id='word_1_238' title='bbox 1132 3351 1194 3416; x_wconf 68' lang='grc' dir='ltr'><strong>μδ</strong></span> <span class='ocrx_word' id='word_1_239' title='bbox 1217 3349 1228 3417; x_wconf 91' lang='grc'>1</span> <span class='ocrx_word' id='word_1_240' title='bbox 1249 3351 1275 3401; x_wconf 67' lang='lat'><strong>2.</strong></span> <span class='ocrx_word' id='word_1_241' title='bbox 1299 3345 1356 3419; x_wconf 89' lang='lat' dir='ltr'><strong>eis]</strong></span> <span class='ocrx_word' id='word_1_242' title='bbox 1384 3346 1421 3401; x_wconf 92' lang='lat' dir='ltr'><strong>iis</strong></span> <span class='ocrx_word' id='word_1_243' title='bbox 1438 3347 1480 3415; x_wconf 84' lang='grc' dir='ltr'><strong>Μ,</strong></span> 
     </span>
    </p>
   </div>
   <div class='ocr_carea' id='block_1_6' title="bbox 194 3420 1481 3967">
    <p class='ocr_par' dir='ltr' id='par_1_7' title="bbox 194 3420 1481 3967">
     <span class='ocr_line' id='line_1_27' title="bbox 199 3420 1479 3542; baseline 0.004 -20"><span class='ocrx_word' id='word_1_244' title='bbox 199 3468 244 3524; x_wconf 92' lang='lat' dir='ltr'><strong>his</strong></span> <span class='ocrx_word' id='word_1_245' title='bbox 265 3470 323 3524; x_wconf 90' lang='lat' dir='ltr'><strong>HD</strong></span> <span class='ocrx_word' id='word_1_246' title='bbox 346 3472 355 3540; x_wconf 95' lang='grc'><strong>11</strong></span> <span class='ocrx_word' id='word_1_247' title='bbox 378 3475 402 3524; x_wconf 81' lang='lat'><strong>3.</strong></span> <span class='ocrx_word' id='word_1_248' title='bbox 422 3477 447 3525; x_wconf 85' lang='lat' dir='ltr'><strong>et</strong></span> <span class='ocrx_word' id='word_1_249' title='bbox 466 3476 491 3526; x_wconf 83' lang='lat'><strong>4.</strong></span> <span class='ocrx_word' id='word_1_250' title='bbox 511 3487 545 3524; x_wconf 88' lang='lat' dir='ltr'><strong>aa</strong></span> <span class='ocrx_word' id='word_1_251' title='bbox 563 3488 636 3540; x_wconf 86' lang='lat' dir='ltr'><strong>quae</strong></span> <span class='ocrx_word' id='word_1_252' title='bbox 656 3472 728 3540; x_wconf 85' lang='lat' dir='ltr'><strong>HD,</strong></span> <span class='ocrx_word' id='word_1_253' title='bbox 753 3489 860 3541; x_wconf 83' lang='lat' dir='ltr'><strong>aequae</strong></span> <span class='ocrx_word' id='word_1_254' title='bbox 879 3472 914 3525; x_wconf 88' lang='grc' dir='ltr'><em>Μ</em></span> <span class='ocrx_word' id='word_1_255' title='bbox 934 3473 944 3541; x_wconf 93' lang='grc'>1</span> <span class='ocrx_word' id='word_1_256' title='bbox 966 3420 1118 3538; x_wconf 44' lang='lat' dir='ltr'><strong>striis-siim,</strong></span> <span class='ocrx_word' id='word_1_257' title='bbox 1143 3469 1234 3525; x_wconf 84' lang='lat' dir='ltr'><strong>transi</strong></span> <span class='ocrx_word' id='word_1_258' title='bbox 1256 3488 1317 3542; x_wconf 72' lang='lat' dir='ltr'><strong>sep.</strong></span> <span class='ocrx_word' id='word_1_259' title='bbox 1337 3488 1391 3528; x_wconf 86' lang='lat' dir='ltr'><strong>scr.</strong></span> <span class='ocrx_word' id='word_1_260' title='bbox 1409 3490 1429 3527; x_wconf 81' lang='lat' dir='ltr'><strong>a</strong></span> <span class='ocrx_word' id='word_1_261' title='bbox 1445 3489 1479 3527; x_wconf 69' lang='lat' dir='ltr'><strong>n.</strong></span> 
     </span>
     <span class='ocr_line' id='line_1_28' title="bbox 199 3542 1480 3612; baseline 0.002 -17"><span class='ocrx_word' id='word_1_262' title='bbox 199 3547 248 3595; x_wconf 80' lang='lat' dir='ltr'><strong>oet.</strong></span> <span class='ocrx_word' id='word_1_263' title='bbox 267 3543 388 3596; x_wconf 73' lang='lat' dir='ltr'><strong>sednon</strong></span> <span class='ocrx_word' id='word_1_264' title='bbox 407 3546 435 3610; x_wconf 92' lang='lat'><strong>1,</strong></span> <span class='ocrx_word' id='word_1_265' title='bbox 454 3545 570 3608; x_wconf 72' lang='lat' dir='ltr'><strong>occid,</strong></span> <span class='ocrx_word' id='word_1_266' title='bbox 597 3544 634 3597; x_wconf 92' lang='lat' dir='ltr'><strong>M</strong></span> <span class='ocrx_word' id='word_1_267' title='bbox 649 3543 845 3612; x_wconf 82' lang='lat' dir='ltr'><strong>(transiturum</strong></span> <span class='ocrx_word' id='word_1_268' title='bbox 863 3543 917 3611; x_wconf 82' lang='lat' dir='ltr'><strong>P),</strong></span> <span class='ocrx_word' id='word_1_269' title='bbox 940 3542 1075 3597; x_wconf 79' lang='lat' dir='ltr'><strong>sciturum</strong></span> <span class='ocrx_word' id='word_1_270' title='bbox 1094 3542 1136 3610; x_wconf 90' lang='lat' dir='ltr'><strong>H,</strong></span> <span class='ocrx_word' id='word_1_271' title='bbox 1161 3542 1286 3596; x_wconf 85' lang='lat' dir='ltr'><strong>laturum</strong></span> <span class='ocrx_word' id='word_1_272' title='bbox 1303 3542 1334 3597; x_wconf 92' lang='lat' dir='ltr'><strong><em>D</em></strong></span> <span class='ocrx_word' id='word_1_273' title='bbox 1362 3546 1373 3612; x_wconf 88' lang='grc' dir='ltr'>Ι</span> <span class='ocrx_word' id='word_1_274' title='bbox 1400 3551 1425 3597; x_wconf 74' lang='lat' dir='ltr'><strong>t.</strong></span> <span class='ocrx_word' id='word_1_275' title='bbox 1444 3542 1480 3597; x_wconf 81' lang='lat' dir='ltr'><strong>ad</strong></span> 
     </span>
     <span class='ocr_line' id='line_1_29' title="bbox 199 3612 1480 3695; baseline 0.005 -31"><span class='ocrx_word' id='word_1_276' title='bbox 199 3612 230 3679; x_wconf 92' lang='lat' dir='ltr'><strong>(d</strong></span> <span class='ocrx_word' id='word_1_277' title='bbox 247 3630 281 3666; x_wconf 77' lang='lat' dir='ltr'><strong>ea</strong></span> <span class='ocrx_word' id='word_1_278' title='bbox 299 3614 313 3666; x_wconf 86' lang='lat' dir='ltr'><strong>t</strong></span> <span class='ocrx_word' id='word_1_279' title='bbox 330 3630 363 3666; x_wconf 75' lang='lat' dir='ltr'><strong>su.</strong></span> <span class='ocrx_word' id='word_1_280' title='bbox 386 3615 411 3681; x_wconf 88' lang='lat'><strong>1)</strong></span> <span class='ocrx_word' id='word_1_281' title='bbox 430 3615 457 3666; x_wconf 89' lang='lat' dir='ltr'><strong>te</strong></span> <span class='ocrx_word' id='word_1_282' title='bbox 476 3612 514 3683; x_wconf 90' lang='lat' dir='ltr'><strong>pl.</strong></span> <span class='ocrx_word' id='word_1_283' title='bbox 534 3615 582 3681; x_wconf 89' lang='lat' dir='ltr'><strong>M,</strong></span> <span class='ocrx_word' id='word_1_284' title='bbox 607 3616 681 3668; x_wconf 86' lang='lat' dir='ltr'><strong>stare</strong></span> <span class='ocrx_word' id='word_1_285' title='bbox 705 3614 758 3669; x_wconf 85' lang='lat' dir='ltr'><strong>tibi</strong></span> <span class='ocrx_word' id='word_1_286' title='bbox 777 3615 814 3685; x_wconf 92' lang='lat' dir='ltr'><strong>pl.</strong></span> <span class='ocrx_word' id='word_1_287' title='bbox 835 3615 877 3682; x_wconf 91' lang='lat' dir='ltr'><strong>H,</strong></span> <span class='ocrx_word' id='word_1_288' title='bbox 902 3612 980 3668; x_wconf 88' lang='lat' dir='ltr'><strong>adira</strong></span> <span class='ocrx_word' id='word_1_289' title='bbox 1003 3614 1040 3683; x_wconf 91' lang='lat' dir='ltr'><strong>pl.</strong></span> <span class='ocrx_word' id='word_1_290' title='bbox 1061 3613 1097 3667; x_wconf 91' lang='lat' dir='ltr'><strong>D.</strong></span> <span class='ocrx_word' id='word_1_291' title='bbox 1130 3628 1192 3667; x_wconf 86' lang='lat' dir='ltr'><strong>esse</strong></span> <span class='ocrx_word' id='word_1_292' title='bbox 1210 3613 1248 3668; x_wconf 84' lang='lat' dir='ltr'><strong>ad</strong></span> <span class='ocrx_word' id='word_1_293' title='bbox 1267 3613 1395 3695; x_wconf 82' lang='lat' dir='ltr'><strong>aliquem</strong></span> <span class='ocrx_word' id='word_1_294' title='bbox 1412 3620 1480 3670; x_wconf 75' lang='lat' dir='ltr'><strong>recte</strong></span> 
     </span>
     <span class='ocr_line' id='line_1_30' title="bbox 198 3684 1481 3754; baseline 0.003 -17"><span class='ocrx_word' id='word_1_295' title='bbox 198 3684 302 3738; x_wconf 79' lang='lat' dir='ltr'><strong>dicitur</strong></span> <span class='ocrx_word' id='word_1_296' title='bbox 324 3690 449 3753; x_wconf 77' lang='lat' dir='ltr'><strong>erratque</strong></span> <span class='ocrx_word' id='word_1_297' title='bbox 466 3686 540 3739; x_wconf 77' lang='lat' dir='ltr'><strong>Boot</strong></span> <span class='ocrx_word' id='word_1_298' title='bbox 562 3687 599 3739; x_wconf 85' lang='lat' dir='ltr'><strong>ad</strong></span> <span class='ocrx_word' id='word_1_299' title='bbox 623 3685 678 3741; x_wconf 73' lang='lat' dir='ltr'><strong>Cic.</strong></span> <span class='ocrx_word' id='word_1_300' title='bbox 702 3687 740 3740; x_wconf 85' lang='lat' dir='ltr'><strong>od</strong></span> <span class='ocrx_word' id='word_1_301' title='bbox 762 3688 820 3741; x_wconf 76' lang='lat' dir='ltr'><strong>Act.</strong></span> <span class='ocrx_word' id='word_1_302' title='bbox 840 3685 876 3752; x_wconf 87' lang='lat' dir='ltr'><strong>X,</strong></span> <span class='ocrx_word' id='word_1_303' title='bbox 896 3689 926 3754; x_wconf 81' lang='lat'><strong>4,</strong></span> <span class='ocrx_word' id='word_1_304' title='bbox 946 3689 969 3739; x_wconf 89' lang='lat'><strong>8.</strong></span> <span class='ocrx_word' id='word_1_305' title='bbox 1003 3692 1118 3740; x_wconf 70' lang='lat' dir='ltr'><strong>crurum</strong></span> <span class='ocrx_word' id='word_1_306' title='bbox 1140 3686 1198 3739; x_wconf 78' lang='lat' dir='ltr'><strong>tria</strong></span> <span class='ocrx_word' id='word_1_307' title='bbox 1219 3685 1272 3739; x_wconf 77' lang='lat' dir='ltr'><strong>illo</strong></span> <span class='ocrx_word' id='word_1_308' title='bbox 1299 3701 1362 3740; x_wconf 78' lang='lat' dir='ltr'><strong>srva</strong></span> <span class='ocrx_word' id='word_1_309' title='bbox 1389 3686 1481 3741; x_wconf 72' lang='lat' dir='ltr'><strong>eodm</strong></span> 
     </span>
     <span class='ocr_line' id='line_1_31' title="bbox 194 3756 1481 3827; baseline 0.002 -19"><span class='ocrx_word' id='word_1_310' title='bbox 194 3771 311 3823; x_wconf 67' lang='lat' dir='ltr'><strong>morsus</strong></span> <span class='ocrx_word' id='word_1_311' title='bbox 332 3756 440 3809; x_wconf 78' lang='lat' dir='ltr'><strong>ratione</strong></span> <span class='ocrx_word' id='word_1_312' title='bbox 459 3758 553 3825; x_wconf 83' lang='lat' dir='ltr'><strong>posito</strong></span> <span class='ocrx_word' id='word_1_313' title='bbox 575 3764 639 3810; x_wconf 67' lang='lat' dir='ltr'><strong>assat</strong></span> <span class='ocrx_word' id='word_1_314' title='bbox 662 3764 742 3827; x_wconf 75' lang='lat' dir='ltr'><strong>atquc</strong></span> <span class='ocrx_word' id='word_1_315' title='bbox 764 3776 809 3827; x_wconf 82' lang='lat' dir='ltr'><strong>ap.</strong></span> <span class='ocrx_word' id='word_1_316' title='bbox 836 3757 914 3811; x_wconf 69' lang='lat' dir='ltr'><strong>ona.</strong></span> <span class='ocrx_word' id='word_1_317' title='bbox 936 3757 1018 3812; x_wconf 69' lang='lat' dir='ltr'><strong>Trici.</strong></span> <span class='ocrx_word' id='word_1_318' title='bbox 1036 3756 1063 3823; x_wconf 88' lang='lat'><strong>1,</strong></span> <span class='ocrx_word' id='word_1_319' title='bbox 1082 3760 1106 3823; x_wconf 88' lang='grc'><strong>9,</strong></span> <span class='ocrx_word' id='word_1_320' title='bbox 1122 3760 1169 3822; x_wconf 81' lang='grc'><strong>43,</strong></span> <span class='ocrx_word' id='word_1_321' title='bbox 1193 3772 1245 3825; x_wconf 70' lang='lat' dir='ltr'><strong>paro</strong></span> <span class='ocrx_word' id='word_1_322' title='bbox 1268 3757 1302 3811; x_wconf 81' lang='lat' dir='ltr'><strong>de</strong></span> <span class='ocrx_word' id='word_1_323' title='bbox 1325 3757 1386 3812; x_wconf 82' lang='lat' dir='ltr'><strong>loco</strong></span> <span class='ocrx_word' id='word_1_324' title='bbox 1407 3757 1481 3811; x_wconf 64' lang='lat' dir='ltr'><strong>duait</strong></span> 
     </span>
     <span class='ocr_line' id='line_1_32' title="bbox 200 3824 1481 3896; baseline 0.002 -17"><span class='ocrx_word' id='word_1_325' title='bbox 200 3825 227 3879; x_wconf 75' lang='lat' dir='ltr'><strong>C.</strong></span> <span class='ocrx_word' id='word_1_326' title='bbox 245 3825 280 3879; x_wconf 88' lang='lat' dir='ltr'><strong>F.</strong></span> <span class='ocrx_word' id='word_1_327' title='bbox 296 3826 339 3880; x_wconf 82' lang='lat' dir='ltr'><strong>W.</strong></span> <span class='ocrx_word' id='word_1_328' title='bbox 355 3825 459 3880; x_wconf 67' lang='lat' dir='ltr'><strong>Maller</strong></span> <span class='ocrx_word' id='word_1_329' title='bbox 480 3827 557 3881; x_wconf 64' lang='lat' dir='ltr'><strong>‘tiber</strong></span> <span class='ocrx_word' id='word_1_330' title='bbox 575 3829 600 3879; x_wconf 87' lang='lat' dir='ltr'><strong>d.</strong></span> <span class='ocrx_word' id='word_1_331' title='bbox 623 3828 766 3883; x_wconf 78' lang='lat' dir='ltr'><strong>Gedrauct</strong></span> <span class='ocrx_word' id='word_1_332' title='bbox 784 3846 837 3884; x_wconf 73' lang='lat' dir='ltr'><strong>cori</strong></span> <span class='ocrx_word' id='word_1_333' title='bbox 856 3826 926 3881; x_wconf 87' lang='lat' dir='ltr'><strong>sive’</strong></span> <span class='ocrx_word' id='word_1_334' title='bbox 947 3828 1050 3896; x_wconf 78' lang='lat' dir='ltr'><strong>(Berol.</strong></span> <span class='ocrx_word' id='word_1_335' title='bbox 1071 3827 1151 3896; x_wconf 77' lang='lat'>1871)</span> <span class='ocrx_word' id='word_1_336' title='bbox 1170 3831 1249 3896; x_wconf 65' lang='lat'><strong>1225</strong></span> <span class='ocrx_word' id='word_1_337' title='bbox 1268 3828 1278 3896; x_wconf 89' lang='grc'><strong>11</strong></span> <span class='ocrx_word' id='word_1_338' title='bbox 1298 3831 1321 3881; x_wconf 77' lang='grc'><strong>7.</strong></span> <span class='ocrx_word' id='word_1_339' title='bbox 1344 3824 1481 3882; x_wconf 80' lang='lat' dir='ltr'><strong>diiudice-</strong></span> 
     </span>
     <span class='ocr_line' id='line_1_33' title="bbox 198 3895 1481 3967; baseline 0.002 -18"><span class='ocrx_word' id='word_1_340' title='bbox 198 3898 245 3949; x_wconf 85' lang='lat' dir='ltr'><strong>tur</strong></span> <span class='ocrx_word' id='word_1_341' title='bbox 265 3896 307 3962; x_wconf 90' lang='lat' dir='ltr'><strong>H,</strong></span> <span class='ocrx_word' id='word_1_342' title='bbox 331 3895 475 3951; x_wconf 89' lang='lat' dir='ltr'><strong>diuidetur</strong></span> <span class='ocrx_word' id='word_1_343' title='bbox 492 3899 539 3965; x_wconf 88' lang='lat' dir='ltr'><strong>M,</strong></span> <span class='ocrx_word' id='word_1_344' title='bbox 565 3897 722 3952; x_wconf 87' lang='lat' dir='ltr'><strong>diuidiatur</strong></span> <span class='ocrx_word' id='word_1_345' title='bbox 740 3899 776 3953; x_wconf 92' lang='lat' dir='ltr'><strong>D.</strong></span> <span class='ocrx_word' id='word_1_346' title='bbox 809 3899 941 3952; x_wconf 87' lang='lat' dir='ltr'><strong>uideatur</strong></span> <span class='ocrx_word' id='word_1_347' title='bbox 959 3916 990 3967; x_wconf 83' lang='grc' dir='ltr'><strong>ς,</strong></span> <span class='ocrx_word' id='word_1_348' title='bbox 1012 3897 1153 3951; x_wconf 88' lang='lat' dir='ltr'><strong>iudicetur</strong></span> <span class='ocrx_word' id='word_1_349' title='bbox 1171 3898 1328 3967; x_wconf 61' lang='lat' dir='ltr'><strong>Benedicti</strong></span> <span class='ocrx_word' id='word_1_350' title='bbox 1344 3904 1387 3954; x_wconf 88' lang='lat'><strong>10.</strong></span> <span class='ocrx_word' id='word_1_351' title='bbox 1404 3897 1481 3952; x_wconf 88' lang='lat' dir='ltr'><strong>idem</strong></span> 
     </span>
    </p>
   </div>
   <div class='ocr_carea' id='block_1_7' title="bbox 197 3989 1484 4230">
    <p class='ocr_par' dir='ltr' id='par_1_8' title="bbox 197 3989 1484 4230">
     <span class='ocr_line' id='line_1_34' title="bbox 198 3989 1483 4073; baseline 0.005 -19"><span class='ocrx_word' id='word_1_352' title='bbox 198 4001 291 4056; x_wconf 89' lang='lat' dir='ltr'><strong>cidem</strong></span> <span class='ocrx_word' id='word_1_353' title='bbox 313 4021 339 4057; x_wconf 92' lang='lat' dir='ltr'><strong>n.</strong></span> <span class='ocrx_word' id='word_1_354' title='bbox 364 4003 401 4057; x_wconf 92' lang='lat' dir='ltr'><strong>M</strong></span> <span class='ocrx_word' id='word_1_355' title='bbox 416 4005 513 4067; x_wconf 73' lang='lat' dir='ltr'><strong>iader,</strong></span> <span class='ocrx_word' id='word_1_356' title='bbox 541 4003 615 4058; x_wconf 89' lang='lat' dir='ltr'><strong>idem</strong></span> <span class='ocrx_word' id='word_1_357' title='bbox 641 4006 671 4058; x_wconf 88' lang='lat' dir='ltr'><strong>et</strong></span> <span class='ocrx_word' id='word_1_358' title='bbox 695 3989 770 4059; x_wconf 87' lang='lat' dir='ltr'><strong>¹dem</strong></span> <span class='ocrx_word' id='word_1_359' title='bbox 794 4005 815 4073; x_wconf 87' lang='lat' dir='ltr'><strong>(i</strong></span> <span class='ocrx_word' id='word_1_360' title='bbox 833 4024 852 4059; x_wconf 86' lang='lat' dir='ltr'><strong>a</strong></span> <span class='ocrx_word' id='word_1_361' title='bbox 870 4005 932 4072; x_wconf 54' lang='grc' dir='ltr'><strong>ΜΟ,</strong></span> <span class='ocrx_word' id='word_1_362' title='bbox 960 4003 1036 4059; x_wconf 89' lang='lat' dir='ltr'><strong>idem</strong></span> <span class='ocrx_word' id='word_1_363' title='bbox 1054 4005 1094 4073; x_wconf 92' lang='lat' dir='ltr'><strong>P)</strong></span> <span class='ocrx_word' id='word_1_364' title='bbox 1118 4022 1144 4058; x_wconf 91' lang='lat' dir='ltr'><strong>n.</strong></span> <span class='ocrx_word' id='word_1_365' title='bbox 1165 4004 1211 4072; x_wconf 89' lang='grc' dir='ltr'><strong>Μ,</strong></span> <span class='ocrx_word' id='word_1_366' title='bbox 1239 4002 1316 4058; x_wconf 88' lang='lat' dir='ltr'><strong>idem</strong></span> <span class='ocrx_word' id='word_1_367' title='bbox 1340 4006 1372 4060; x_wconf 87' lang='lat' dir='ltr'><strong>et</strong></span> <span class='ocrx_word' id='word_1_368' title='bbox 1393 4004 1483 4060; x_wconf 82' lang='lat' dir='ltr'><strong>frater</strong></span> 
     </span>
     <span class='ocr_line' id='line_1_35' title="bbox 198 4073 1482 4143; baseline 0.002 -16"><span class='ocrx_word' id='word_1_369' title='bbox 198 4076 259 4140; x_wconf 80' lang='lat' dir='ltr'><strong>(orn.</strong></span> <span class='ocrx_word' id='word_1_370' title='bbox 278 4075 383 4141; x_wconf 86' lang='lat' dir='ltr'><strong>noster)</strong></span> <span class='ocrx_word' id='word_1_371' title='bbox 403 4073 440 4140; x_wconf 91' lang='lat' dir='ltr'><strong>D,</strong></span> <span class='ocrx_word' id='word_1_372' title='bbox 460 4074 535 4129; x_wconf 88' lang='lat' dir='ltr'><strong>idem</strong></span> <span class='ocrx_word' id='word_1_373' title='bbox 554 4075 641 4129; x_wconf 81' lang='lat' dir='ltr'><strong>frater</strong></span> <span class='ocrx_word' id='word_1_374' title='bbox 658 4095 685 4130; x_wconf 92' lang='lat' dir='ltr'><strong>n.</strong></span> <span class='ocrx_word' id='word_1_375' title='bbox 706 4078 739 4130; x_wconf 87' lang='lat' dir='ltr'><strong>H</strong></span> <span class='ocrx_word' id='word_1_376' title='bbox 755 4078 847 4143; x_wconf 76' lang='lat' dir='ltr'><strong>index,</strong></span> <span class='ocrx_word' id='word_1_377' title='bbox 866 4075 953 4129; x_wconf 86' lang='lat' dir='ltr'><strong>frater</strong></span> <span class='ocrx_word' id='word_1_378' title='bbox 970 4094 996 4129; x_wconf 92' lang='lat' dir='ltr'><strong>n.</strong></span> <span class='ocrx_word' id='word_1_379' title='bbox 1018 4076 1056 4130; x_wconf 92' lang='lat' dir='ltr'><strong>H.</strong></span> <span class='ocrx_word' id='word_1_380' title='bbox 1080 4077 1145 4129; x_wconf 90' lang='lat' dir='ltr'><strong>tuus</strong></span> <span class='ocrx_word' id='word_1_381' title='bbox 1165 4076 1194 4128; x_wconf 88' lang='lat' dir='ltr'><strong>at</strong></span> <span class='ocrx_word' id='word_1_382' title='bbox 1211 4073 1287 4130; x_wconf 88' lang='lat' dir='ltr'><strong>idem</strong></span> <span class='ocrx_word' id='word_1_383' title='bbox 1305 4093 1335 4132; x_wconf 91' lang='lat' dir='ltr'><strong>n.</strong></span> <span class='ocrx_word' id='word_1_384' title='bbox 1355 4077 1398 4132; x_wconf 76' lang='lat' dir='ltr'><strong>osi</strong></span> <span class='ocrx_word' id='word_1_385' title='bbox 1414 4078 1482 4131; x_wconf 65' lang='lat' dir='ltr'><strong>huus</strong></span> 
     </span>
     <span class='ocr_line' id='line_1_36' title="bbox 197 4143 1484 4230; baseline 0.005 -34"><span class='ocrx_word' id='word_1_386' title='bbox 197 4143 272 4198; x_wconf 86' lang='lat' dir='ltr'><strong>idern</strong></span> <span class='ocrx_word' id='word_1_387' title='bbox 291 4147 321 4198; x_wconf 86' lang='lat' dir='ltr'><strong>ct</strong></span> <span class='ocrx_word' id='word_1_388' title='bbox 339 4144 413 4198; x_wconf 90' lang='lat' dir='ltr'><strong>idem</strong></span> <span class='ocrx_word' id='word_1_389' title='bbox 433 4165 458 4199; x_wconf 90' lang='lat' dir='ltr'><strong>n.</strong></span> <span class='ocrx_word' id='word_1_390' title='bbox 479 4148 520 4201; x_wconf 79' lang='lat' dir='ltr'><strong>uel</strong></span> <span class='ocrx_word' id='word_1_391' title='bbox 538 4146 613 4200; x_wconf 90' lang='lat' dir='ltr'><strong>idem</strong></span> <span class='ocrx_word' id='word_1_392' title='bbox 632 4150 696 4200; x_wconf 84' lang='lat' dir='ltr'><strong>tuus</strong></span> <span class='ocrx_word' id='word_1_393' title='bbox 716 4151 745 4201; x_wconf 85' lang='lat' dir='ltr'><strong>et</strong></span> <span class='ocrx_word' id='word_1_394' title='bbox 763 4147 838 4202; x_wconf 89' lang='lat' dir='ltr'><strong>idem</strong></span> <span class='ocrx_word' id='word_1_395' title='bbox 857 4166 883 4230; x_wconf 82' lang='lat' dir='ltr'><strong>n.</strong></span> <span class='ocrx_word' id='word_1_396' title='bbox 902 4149 1051 4218; x_wconf 67' lang='lat' dir='ltr'><strong>corripient.</strong></span> <span class='ocrx_word' id='word_1_397' title='bbox 1071 4147 1166 4201; x_wconf 82' lang='lat' dir='ltr'><strong>malim</strong></span> <span class='ocrx_word' id='word_1_398' title='bbox 1183 4148 1257 4215; x_wconf 87' lang='lat' dir='ltr'><strong>tuus,</strong></span> <span class='ocrx_word' id='word_1_399' title='bbox 1277 4146 1374 4202; x_wconf 89' lang='lat' dir='ltr'><strong>eidem</strong></span> <span class='ocrx_word' id='word_1_400' title='bbox 1386 4149 1484 4202; x_wconf 84' lang='lat' dir='ltr'><strong>noster</strong></span> 
     </span>
    </p>
   </div>
   <div class='ocr_carea' id='block_1_8' title="bbox 196 4234 1484 4357">
    <p class='ocr_par' dir='ltr' id='par_1_9' title="bbox 196 4234 1484 4357">
     <span class='ocr_line' id='line_1_37' title="bbox 196 4234 1484 4357; baseline 0.005 -35"><span class='ocrx_word' id='word_1_401' title='bbox 196 4270 309 4338; x_wconf 78' lang='lat' dir='ltr'><strong>(scilicet</strong></span> <span class='ocrx_word' id='word_1_402' title='bbox 326 4271 358 4324; x_wconf 80' lang='lat' dir='ltr'><strong>iu</strong></span> <span class='ocrx_word' id='word_1_403' title='bbox 376 4271 521 4357; x_wconf 65' lang='lat' dir='ltr'><strong>arolaetypo</strong></span> <span class='ocrx_word' id='word_1_404' title='bbox 535 4271 643 4325; x_wconf 77' lang='lat' dir='ltr'><strong>videtur</strong></span> <span class='ocrx_word' id='word_1_405' title='bbox 659 4272 761 4338; x_wconf 77' lang='lat' dir='ltr'><strong>faisse:</strong></span> <span class='ocrx_word' id='word_1_406' title='bbox 780 4275 844 4326; x_wconf 85' lang='lat' dir='ltr'><strong>tuus</strong></span> <span class='ocrx_word' id='word_1_407' title='bbox 856 4234 955 4326; x_wconf 59' lang='lat' dir='ltr'><strong>tillim</strong></span> <span class='ocrx_word' id='word_1_408' title='bbox 973 4272 1068 4325; x_wconf 87' lang='lat' dir='ltr'><strong>noster</strong></span> <span class='ocrx_word' id='word_1_409' title='bbox 1086 4272 1109 4340; x_wconf 72' lang='grc' dir='ltr'><strong>(ι</strong></span> <span class='ocrx_word' id='word_1_410' title='bbox 1119 4269 1161 4339; x_wconf 79' lang='lat' dir='ltr'><strong>sir,</strong></span> <span class='ocrx_word' id='word_1_411' title='bbox 1179 4287 1249 4342; x_wconf 77' lang='lat' dir='ltr'><strong>qaae</strong></span> <span class='ocrx_word' id='word_1_412' title='bbox 1264 4277 1334 4326; x_wconf 78' lang='lat' dir='ltr'><strong>uoto</strong></span> <span class='ocrx_word' id='word_1_413' title='bbox 1351 4274 1385 4327; x_wconf 73' lang='lat' dir='ltr'><strong>in</strong></span> <span class='ocrx_word' id='word_1_414' title='bbox 1399 4279 1484 4342; x_wconf 72' lang='lat' dir='ltr'><strong>panc</strong></span> 
     </span>
    </p>
   </div>
   <div class='ocr_carea' id='block_1_9' title="bbox 196 4357 1484 4856">
    <p class='ocr_par' dir='ltr' id='par_1_10' title="bbox 196 4357 1484 4856">
     <span class='ocr_line' id='line_1_38' title="bbox 196 4357 1482 4433; baseline 0.002 -22"><span class='ocrx_word' id='word_1_415' title='bbox 196 4358 319 4412; x_wconf 83' lang='lat' dir='ltr'><strong>codicum</strong></span> <span class='ocrx_word' id='word_1_416' title='bbox 342 4360 412 4412; x_wconf 73' lang='lat' dir='ltr'><strong>obiit-</strong></span> <span class='ocrx_word' id='word_1_417' title='bbox 434 4360 466 4412; x_wconf 77' lang='lat' dir='ltr'><strong>in</strong></span> <span class='ocrx_word' id='word_1_418' title='bbox 489 4358 530 4412; x_wconf 84' lang='lat' dir='ltr'><strong>fr:</strong></span> <span class='ocrx_word' id='word_1_419' title='bbox 559 4357 656 4429; x_wconf 82' lang='lat' dir='ltr'><strong>frater)</strong></span> <span class='ocrx_word' id='word_1_420' title='bbox 680 4362 900 4433; x_wconf 73' lang='lat' dir='ltr'><strong>adscriptumque</strong></span> <span class='ocrx_word' id='word_1_421' title='bbox 925 4359 1000 4413; x_wconf 88' lang='lat' dir='ltr'><strong>idem</strong></span> <span class='ocrx_word' id='word_1_422' title='bbox 1028 4360 1163 4429; x_wconf 71' lang='lat' dir='ltr'><strong>repulisse</strong></span> <span class='ocrx_word' id='word_1_423' title='bbox 1190 4367 1283 4421; x_wconf 70' lang='lat' dir='ltr'><strong>rosus</strong></span> <span class='ocrx_word' id='word_1_424' title='bbox 1304 4377 1367 4417; x_wconf 77' lang='lat' dir='ltr'><strong>non</strong></span> <span class='ocrx_word' id='word_1_425' title='bbox 1389 4358 1482 4416; x_wconf 87' lang='lat' dir='ltr'><strong>eidem</strong></span> 
     </span>
     <span class='ocr_line' id='line_1_39' title="bbox 196 4429 1484 4505; baseline 0.004 -23"><span class='ocrx_word' id='word_1_426' title='bbox 196 4429 243 4483; x_wconf 84' lang='lat' dir='ltr'><strong>scd</strong></span> <span class='ocrx_word' id='word_1_427' title='bbox 266 4431 341 4497; x_wconf 87' lang='lat' dir='ltr'><strong>tuus)</strong></span> <span class='ocrx_word' id='word_1_428' title='bbox 369 4432 378 4496; x_wconf 96' lang='grc'><strong>11</strong></span> <span class='ocrx_word' id='word_1_429' title='bbox 407 4435 448 4484; x_wconf 90' lang='lat'><strong>11.</strong></span> <span class='ocrx_word' id='word_1_430' title='bbox 472 4432 585 4499; x_wconf 88' lang='lat' dir='ltr'><strong>postera</strong></span> <span class='ocrx_word' id='word_1_431' title='bbox 608 4430 654 4484; x_wconf 90' lang='lat' dir='ltr'><strong>die</strong></span> <span class='ocrx_word' id='word_1_432' title='bbox 678 4432 739 4487; x_wconf 87' lang='lat' dir='ltr'><strong>HD</strong></span> <span class='ocrx_word' id='word_1_433' title='bbox 766 4435 775 4502; x_wconf 91' lang='grc'>1</span> <span class='ocrx_word' id='word_1_434' title='bbox 802 4432 902 4487; x_wconf 87' lang='lat' dir='ltr'><strong>iterum</strong></span> <span class='ocrx_word' id='word_1_435' title='bbox 926 4431 982 4485; x_wconf 85' lang='lat' dir='ltr'><strong>isse</strong></span> <span class='ocrx_word' id='word_1_436' title='bbox 1006 4431 1044 4484; x_wconf 92' lang='lat' dir='ltr'><strong>M</strong></span> <span class='ocrx_word' id='word_1_437' title='bbox 1066 4432 1076 4500; x_wconf 94' lang='grc'><strong>11</strong></span> <span class='ocrx_word' id='word_1_438' title='bbox 1104 4436 1145 4486; x_wconf 75' lang='lat'><strong>12.</strong></span> <span class='ocrx_word' id='word_1_439' title='bbox 1168 4430 1331 4486; x_wconf 86' lang='lat' dir='ltr'><strong>litterarum</strong></span> <span class='ocrx_word' id='word_1_440' title='bbox 1355 4448 1406 4489; x_wconf 78' lang='lat' dir='ltr'><strong>om.</strong></span> <span class='ocrx_word' id='word_1_441' title='bbox 1427 4433 1467 4487; x_wconf 92' lang='lat' dir='ltr'><strong>M</strong></span> <span class='ocrx_word' id='word_1_442' title='bbox 1474 4438 1484 4505; x_wconf 91' lang='grc'><strong>,1</strong></span> 
     </span>
     <span class='ocr_line' id='line_1_40' title="bbox 197 4499 1484 4573; baseline 0.004 -21"><span class='ocrx_word' id='word_1_443' title='bbox 197 4499 364 4569; x_wconf 79' lang='lat' dir='ltr'><strong>consacripsi</strong></span> <span class='ocrx_word' id='word_1_444' title='bbox 383 4501 418 4553; x_wconf 93' lang='lat' dir='ltr'><strong>M</strong></span> <span class='ocrx_word' id='word_1_445' title='bbox 438 4504 447 4569; x_wconf 94' lang='grc'><strong>11</strong></span> <span class='ocrx_word' id='word_1_446' title='bbox 472 4506 512 4555; x_wconf 88' lang='grc'><strong>13.</strong></span> <span class='ocrx_word' id='word_1_447' title='bbox 533 4519 565 4555; x_wconf 86' lang='lat' dir='ltr'><strong>ac</strong></span> <span class='ocrx_word' id='word_1_448' title='bbox 584 4503 680 4556; x_wconf 89' lang='lat' dir='ltr'><strong>tamen</strong></span> <span class='ocrx_word' id='word_1_449' title='bbox 699 4504 742 4571; x_wconf 90' lang='lat' dir='ltr'><strong>H,</strong></span> <span class='ocrx_word' id='word_1_450' title='bbox 763 4505 888 4559; x_wconf 87' lang='lat' dir='ltr'><strong>attamen</strong></span> <span class='ocrx_word' id='word_1_451' title='bbox 908 4503 971 4556; x_wconf 90' lang='lat' dir='ltr'><strong>MD</strong></span> <span class='ocrx_word' id='word_1_452' title='bbox 994 4505 1003 4569; x_wconf 97' lang='grc'><strong>11</strong></span> <span class='ocrx_word' id='word_1_453' title='bbox 1027 4507 1068 4556; x_wconf 79' lang='grc'><strong>16.</strong></span> <span class='ocrx_word' id='word_1_454' title='bbox 1089 4503 1117 4572; x_wconf 71' lang='lat' dir='ltr'><strong>al</strong></span> <span class='ocrx_word' id='word_1_455' title='bbox 1147 4504 1235 4570; x_wconf 81' lang='lat' dir='ltr'><strong>(crasa</strong></span> <span class='ocrx_word' id='word_1_456' title='bbox 1255 4508 1269 4554; x_wconf 91' lang='lat' dir='ltr'><strong>l</strong></span> <span class='ocrx_word' id='word_1_457' title='bbox 1290 4503 1356 4573; x_wconf 69' lang='lat' dir='ltr'><strong>litt,</strong></span> <span class='ocrx_word' id='word_1_458' title='bbox 1374 4505 1441 4571; x_wconf 74' lang='lat' dir='ltr'><strong>sort.</strong></span> <span class='ocrx_word' id='word_1_459' title='bbox 1460 4506 1484 4571; x_wconf 89' lang='lat' dir='ltr'><strong>t)</strong></span> 
     </span>
     <span class='ocr_line' id='line_1_41' title="bbox 197 4569 1484 4643; baseline 0.005 -21"><span class='ocrx_word' id='word_1_460' title='bbox 197 4569 251 4623; x_wconf 85' lang='lat' dir='ltr'><strong>tibi</strong></span> <span class='ocrx_word' id='word_1_461' title='bbox 270 4572 303 4624; x_wconf 91' lang='lat' dir='ltr'><strong>M</strong></span> <span class='ocrx_word' id='word_1_462' title='bbox 322 4575 364 4641; x_wconf 90' lang='lat' dir='ltr'><strong>(at</strong></span> <span class='ocrx_word' id='word_1_463' title='bbox 382 4571 423 4624; x_wconf 90' lang='lat' dir='ltr'><strong>ibi</strong></span> <span class='ocrx_word' id='word_1_464' title='bbox 441 4573 489 4642; x_wconf 83' lang='lat' dir='ltr'><strong>P),</strong></span> <span class='ocrx_word' id='word_1_465' title='bbox 510 4589 542 4626; x_wconf 88' lang='lat' dir='ltr'><strong>ac</strong></span> <span class='ocrx_word' id='word_1_466' title='bbox 561 4572 616 4627; x_wconf 91' lang='lat' dir='ltr'><strong>tibi</strong></span> <span class='ocrx_word' id='word_1_467' title='bbox 635 4574 673 4642; x_wconf 89' lang='lat' dir='ltr'><strong>H,</strong></span> <span class='ocrx_word' id='word_1_468' title='bbox 693 4591 726 4628; x_wconf 91' lang='lat' dir='ltr'><strong>ac</strong></span> <span class='ocrx_word' id='word_1_469' title='bbox 745 4574 784 4627; x_wconf 87' lang='lat' dir='ltr'><strong>ibi</strong></span> <span class='ocrx_word' id='word_1_470' title='bbox 804 4575 834 4628; x_wconf 91' lang='lat' dir='ltr'><em>D</em></span> <span class='ocrx_word' id='word_1_471' title='bbox 847 4579 856 4643; x_wconf 95' lang='grc'><strong>11</strong></span> <span class='ocrx_word' id='word_1_472' title='bbox 876 4581 917 4628; x_wconf 87' lang='grc'><strong>16.</strong></span> <span class='ocrx_word' id='word_1_473' title='bbox 937 4573 1141 4642; x_wconf 85' lang='lat' dir='ltr'><strong>exispectarem</strong></span> <span class='ocrx_word' id='word_1_474' title='bbox 1159 4574 1196 4627; x_wconf 89' lang='lat' dir='ltr'><strong>M</strong></span> <span class='ocrx_word' id='word_1_475' title='bbox 1210 4576 1220 4643; x_wconf 94' lang='grc'><strong>11</strong></span> <span class='ocrx_word' id='word_1_476' title='bbox 1239 4578 1281 4628; x_wconf 88' lang='grc'><strong>19.</strong></span> <span class='ocrx_word' id='word_1_477' title='bbox 1300 4579 1346 4629; x_wconf 73' lang='lat'><strong>20.</strong></span> <span class='ocrx_word' id='word_1_478' title='bbox 1367 4577 1401 4629; x_wconf 87' lang='lat' dir='ltr'><strong>ut</strong></span> <span class='ocrx_word' id='word_1_479' title='bbox 1420 4591 1484 4629; x_wconf 88' lang='lat' dir='ltr'><strong>cum</strong></span> 
     </span>
     <span class='ocr_line' id='line_1_42' title="bbox 198 4642 1483 4716; baseline 0.006 -23"><span class='ocrx_word' id='word_1_480' title='bbox 198 4642 346 4708; x_wconf 59' lang='lat' dir='ltr'><strong>(erar-rius,</strong></span> <span class='ocrx_word' id='word_1_481' title='bbox 370 4645 480 4695; x_wconf 87' lang='lat' dir='ltr'><strong>etcum</strong></span> <span class='ocrx_word' id='word_1_482' title='bbox 501 4647 531 4696; x_wconf 84' lang='grc' dir='ltr'><em>Ψ</em></span> <span class='ocrx_word' id='word_1_483' title='bbox 555 4648 565 4714; x_wconf 95' lang='grc'><strong>11</strong></span> <span class='ocrx_word' id='word_1_484' title='bbox 593 4650 634 4697; x_wconf 77' lang='grc'><strong>20.</strong></span> <span class='ocrx_word' id='word_1_485' title='bbox 656 4662 708 4699; x_wconf 90' lang='lat' dir='ltr'><strong>am.</strong></span> <span class='ocrx_word' id='word_1_486' title='bbox 730 4645 784 4715; x_wconf 85' lang='lat' dir='ltr'><strong>tui]</strong></span> <span class='ocrx_word' id='word_1_487' title='bbox 804 4663 858 4700; x_wconf 88' lang='lat' dir='ltr'><strong>am.</strong></span> <span class='ocrx_word' id='word_1_488' title='bbox 878 4648 922 4712; x_wconf 87' lang='lat' dir='ltr'><strong>tu,</strong></span> <span class='ocrx_word' id='word_1_489' title='bbox 945 4646 992 4699; x_wconf 82' lang='lat' dir='ltr'><strong>scd</strong></span> <span class='ocrx_word' id='word_1_490' title='bbox 1010 4646 1041 4697; x_wconf 85' lang='lat' dir='ltr'><strong>tu</strong></span> <span class='ocrx_word' id='word_1_491' title='bbox 1060 4661 1137 4711; x_wconf 73' lang='lat' dir='ltr'><strong>cras,</strong></span> <span class='ocrx_word' id='word_1_492' title='bbox 1156 4644 1194 4698; x_wconf 87' lang='lat' dir='ltr'><strong>M</strong></span> <span class='ocrx_word' id='word_1_493' title='bbox 1213 4648 1275 4712; x_wconf 74' lang='lat' dir='ltr'><strong>(ons.</strong></span> <span class='ocrx_word' id='word_1_494' title='bbox 1294 4646 1328 4698; x_wconf 87' lang='lat' dir='ltr'><strong>tu</strong></span> <span class='ocrx_word' id='word_1_495' title='bbox 1348 4646 1403 4716; x_wconf 82' lang='lat' dir='ltr'><strong>P),</strong></span> <span class='ocrx_word' id='word_1_496' title='bbox 1429 4663 1483 4701; x_wconf 86' lang='lat' dir='ltr'><strong>am.</strong></span> 
     </span>
     <span class='ocr_line' id='line_1_43' title="bbox 196 4712 1484 4787; baseline 0.009 -26"><span class='ocrx_word' id='word_1_497' title='bbox 196 4713 257 4762; x_wconf 86' lang='lat' dir='ltr'><strong>tum</strong></span> <span class='ocrx_word' id='word_1_498' title='bbox 276 4712 345 4780; x_wconf 90' lang='lat' dir='ltr'><strong>HD,</strong></span> <span class='ocrx_word' id='word_1_499' title='bbox 364 4713 405 4766; x_wconf 87' lang='lat' dir='ltr'><strong>tui</strong></span> <span class='ocrx_word' id='word_1_500' title='bbox 425 4731 478 4767; x_wconf 89' lang='lat' dir='ltr'><strong>am.</strong></span> <span class='ocrx_word' id='word_1_501' title='bbox 500 4717 540 4783; x_wconf 89' lang='grc' dir='ltr'><strong>ς11</strong></span> <span class='ocrx_word' id='word_1_502' title='bbox 558 4721 599 4768; x_wconf 82' lang='lat'><strong>21.</strong></span> <span class='ocrx_word' id='word_1_503' title='bbox 621 4718 715 4769; x_wconf 87' lang='lat' dir='ltr'><strong>autem</strong></span> <span class='ocrx_word' id='word_1_504' title='bbox 735 4716 803 4784; x_wconf 88' lang='lat' dir='ltr'><strong>HD,</strong></span> <span class='ocrx_word' id='word_1_505' title='bbox 823 4720 888 4770; x_wconf 87' lang='lat' dir='ltr'><strong>ante</strong></span> <span class='ocrx_word' id='word_1_506' title='bbox 907 4733 951 4769; x_wconf 91' lang='lat' dir='ltr'><strong>me</strong></span> <span class='ocrx_word' id='word_1_507' title='bbox 971 4716 1006 4769; x_wconf 91' lang='lat' dir='ltr'><strong>M</strong></span> <span class='ocrx_word' id='word_1_508' title='bbox 1023 4718 1093 4784; x_wconf 55' lang='grc'>1122</span> <span class='ocrx_word' id='word_1_509' title='bbox 1112 4715 1217 4785; x_wconf 79' lang='lat' dir='ltr'><strong>linguis</strong></span> <span class='ocrx_word' id='word_1_510' title='bbox 1237 4716 1275 4769; x_wconf 92' lang='lat' dir='ltr'><strong>M</strong></span> <span class='ocrx_word' id='word_1_511' title='bbox 1288 4719 1298 4784; x_wconf 92' lang='grc'><strong>11</strong></span> <span class='ocrx_word' id='word_1_512' title='bbox 1317 4721 1363 4771; x_wconf 79' lang='grc'><strong>23,</strong></span> <span class='ocrx_word' id='word_1_513' title='bbox 1383 4734 1484 4787; x_wconf 83' lang='lat' dir='ltr'><strong>possu-</strong></span> 
     </span>
     <span class='ocr_line' id='line_1_44' title="bbox 196 4783 1131 4856; baseline 0.003 -18"><span class='ocrx_word' id='word_1_514' title='bbox 196 4799 257 4833; x_wconf 78' lang='lat' dir='ltr'><strong>mus</strong></span> <span class='ocrx_word' id='word_1_515' title='bbox 277 4785 316 4851; x_wconf 78' lang='grc' dir='ltr'><strong>ς11</strong></span> <span class='ocrx_word' id='word_1_516' title='bbox 331 4783 450 4837; x_wconf 82' lang='lat' dir='ltr'><strong>efferunt</strong></span> <span class='ocrx_word' id='word_1_517' title='bbox 468 4803 502 4840; x_wconf 79' lang='lat' dir='ltr'><strong>ee</strong></span> <span class='ocrx_word' id='word_1_518' title='bbox 521 4786 643 4839; x_wconf 82' lang='lat' dir='ltr'><strong>etserunt</strong></span> <span class='ocrx_word' id='word_1_519' title='bbox 661 4787 786 4856; x_wconf 64' lang='grc' dir='ltr'><strong>Μ11124.</strong></span> <span class='ocrx_word' id='word_1_520' title='bbox 806 4791 917 4843; x_wconf 89' lang='lat' dir='ltr'><strong>nostros</strong></span> <span class='ocrx_word' id='word_1_521' title='bbox 936 4787 1007 4854; x_wconf 91' lang='lat' dir='ltr'><strong>MD,</strong></span> <span class='ocrx_word' id='word_1_522' title='bbox 1027 4803 1078 4840; x_wconf 93' lang='lat' dir='ltr'><strong>nos</strong></span> <span class='ocrx_word' id='word_1_523' title='bbox 1097 4787 1131 4841; x_wconf 89' lang='lat' dir='ltr'><strong>H</strong></span> 
     </span>
    </p>
   </div>
   <div class='ocr_carea' id='block_1_10' title="bbox 0 0 1662 5460">
    <p class='ocr_par' dir='ltr' id='par_1_11' title="bbox 0 0 1662 5460">
     <span class='ocr_line' id='line_1_45' title="bbox 0 0 1662 5460; baseline 0 1"><span class='ocrx_word' id='word_1_524' title='bbox 0 0 1662 5460; x_wconf 95' lang='lat' dir='ltr'><strong> </strong></span> 
     </span>
    </p>
   </div>
  </div>
 </body>
</html>
