3286 5460
543 360 800 417 EPISTVLARVM
818 363 864 417 xi.
885 368 926 418 15.
948 369 988 418 16.
1010 370 1052 419 rr.
1072 368 1112 418 rs.
1397 364 1462 430 293

187 528 246 589 est.
293 528 492 609 quapropter
523 526 680 609 persuade
710 526 785 611 tibi,
813 527 859 591 mi
887 525 1002 611 Brute,
1036 550 1086 592 me
1119 533 1229 612 petere
1261 534 1497 615 praeturam33

188 654 385 717 quamquam
403 632 490 697 enim
508 631 622 697 Lamia
645 655 773 699 summo
792 634 972 720 splendore,
991 617 1118 700 summa
1141 636 1250 721 gratia
1268 640 1319 700 est
1338 637 1462 722 magni-

189 739 402 806 ficentissimo
427 762 559 804 munere
587 739 748 824 aedilicio,
772 744 897 825 tamen,
919 743 1012 825 quasi
1036 765 1074 807 ea
1096 743 1144 807 ita
1166 764 1233 807 non
1256 747 1377 825 essent,
1401 766 1461 828 ego

188 847 315 930 suscepi
339 851 447 912 totum
470 847 647 933 negotium.
683 869 769 915 nunc
793 848 822 912 si
845 869 897 913 ma
916 849 1001 912 tanti
1023 848 1114 932 facis,
1133 850 1248 934 quanti
1266 854 1353 915 certe
1372 850 1463 936 facis,

162 953 343 1036 squoniam
367 954 512 1038 equitum
536 954 698 1018 centurias
723 958 823 1038 tenes,
847 955 882 1019 in
905 955 978 1039 quis
1001 976 1129 1041 regnas,
1152 957 1247 1020 mitte
1271 956 1312 1021 ad
1334 955 1462 1041 Lupum

187 1063 346 1143 nostrum,
368 1064 407 1124 ut
429 1060 458 1125 is
481 1060 578 1126 nobis
601 1083 655 1126 eas
680 1062 844 1126 centurias
868 1062 1026 1127 conficiat.
1072 1085 1139 1128 non
1161 1063 1279 1128 tenebo
1303 1068 1335 1127 te
1363 1063 1462 1148 pluri-

187 1167 263 1251 bus3
286 1188 405 1250 ponam
429 1167 463 1231 in
486 1171 644 1252 extremo,
668 1167 754 1254 quod
777 1169 896 1234 sentio:
925 1168 1008 1234 nihil
1032 1173 1096 1254 est,
1117 1168 1233 1254 Bruto,
1256 1192 1329 1235 cum
1353 1170 1462 1235 omnia

188 1296 207 1337 a
230 1278 264 1339 te
288 1278 481 1358 exspectem,
505 1275 592 1358 quod
615 1275 696 1340 mihi
719 1276 845 1361 gratius
868 1275 973 1341 facere
997 1276 1113 1360 possis.

700 1504 805 1571 xvir.
838 1505 941 1593 (aaa.)
1026 1476 1030 1486 '

149 1694 172 1731 ω
533 1666 576 1731 u.
601 1665 760 1732 cronno
785 1664 995 1732 scauro
1022 1666 1053 1732 s.
1075 1666 1115 1732 n.

278 1825 314 1889 L.
335 1825 450 1891 Lamia
469 1847 533 1891 uno
553 1826 699 1891 omnium
722 1826 975 1891 familiarissime
999 1832 1089 1912 utor3
1111 1847 1231 1912 magna
1253 1829 1322 1908 eius
1346 1828 1380 1893 in
1403 1844 1496 1914 me,1

185 1953 252 1996 non
275 1933 347 1997 dico
371 1933 488 2018 officia,
512 1933 568 1997 sed
593 1933 719 2019 merita,
738 1956 838 2018 caque
863 1938 940 1999 sunt
963 1934 1084 2018 populo
1104 1934 1252 1999 Romano
1276 1935 1462 2001 notissima:

186 2039 214 2103 is
238 2039 563 2124 magnificentissimo
588 2062 720 2106 munere
744 2040 922 2105 aedilitatis
945 2039 1135 2126 perfunctus
1159 2039 1243 2124 petit
1265 2045 1462 2126 praeturam,

186 2167 363 2230 omnesque
387 2146 584 2232 intellegunt
606 2169 667 2212 nec
689 2147 887 2232 dignitatem
911 2148 941 2212 ei
964 2147 1074 2212 deesse
1097 2169 1157 2212 nec
1180 2147 1336 2233 gratiam3
1359 2149 1415 2212 sed
1434 2149 1462 2213 is

143 2280 172 2319 15
187 2251 331 2316 ambitus
367 2253 502 2318 excitari
539 2253 679 2337 videtur,
710 2258 748 2318 ut
785 2274 846 2338 ego
891 2253 1001 2317 omnia
1032 2254 1260 2337 pertimescam
1293 2258 1462 2339 totamque

184 2359 378 2444 petitionem
406 2358 539 2423 Lamiae
569 2360 650 2424 mihi
679 2360 902 2425 sustinendam
935 2364 1056 2445 putem.
1101 2360 1135 2424 in
1168 2382 1206 2425 ea
1236 2383 1271 2425 re
1304 2365 1497 2445 quantuma

186 2488 238 2531 me
261 2467 368 2551 possis
393 2467 555 2551 adiuvare,
578 2466 674 2533 facile
698 2468 869 2552 perspicio,
891 2489 951 2532 nec
972 2489 1064 2552 vero,
1087 2472 1246 2552 quantum
1270 2490 1341 2532 mea
1364 2490 1463 2534 causa

186 2573 281 2656 velis,
308 2574 433 2638 dubito.
478 2573 577 2638 velim
607 2573 725 2659 igitur,
752 2574 798 2639 mi
825 2572 940 2658 Brute,
972 2574 1035 2638 tibi
1067 2574 1262 2658 persuadeas
1294 2574 1377 2639 nihil
1410 2598 1462 2641 me

184 2681 307 2744 maiore
330 2680 438 2745 studio
462 2701 483 2744 a
504 2684 538 2744 te
556 2685 676 2764 petere,
694 2680 778 2745 nihil
801 2685 833 2745 te
857 2679 939 2745 mihi
962 2680 1090 2766 gratius
1112 2680 1218 2746 facere
1237 2703 1344 2766 posse,
1363 2704 1461 2766 quam

142 2813 171 2852 so
185 2787 214 2851 si
238 2787 390 2851 omnibus
418 2786 485 2852 tuis
514 2786 644 2871 opibus,
668 2787 757 2853 omni
785 2787 893 2852 studio
917 2787 1066 2852 Lamiam
1100 2787 1136 2852 in
1162 2787 1321 2872 petitione
1349 2788 1462 2872 iueris3

186 2894 273 2976 quod
296 2897 334 2958 ut
356 2892 468 2976 facias,
490 2893 699 2959 vehementer
721 2898 754 2959 te
778 2915 867 2980 rogo.

695 3123 817 3190 xvru.
848 3122 952 3211 (aas.)

336 3285 378 3349 u.
403 3282 562 3349 crosso
588 3283 619 3350 s.
643 3284 681 3348 o.
705 3283 744 3348 o.
768 3282 916 3349 sauro
940 3283 1030 3349 rue.
1054 3282 1143 3350 cos.
1167 3235 1315 3350 unsre

273 3444 349 3510 Etsi
379 3467 418 3509 ex
446 3445 622 3528 mandatis,
650 3466 731 3528 quae
756 3443 878 3508 Galbae
901 3443 1140 3529 Volumnioque
1169 3446 1209 3509 ad
1238 3449 1387 3510 senatum
1411 3446 1496 3510 de·1

146 3577 171 3617 ss
185 3551 273 3635 disti,
296 3552 372 3635 quid
396 3551 575 3616 timendum
598 3559 745 3634 putares,
769 3551 1028 3635 suspicabamur,
1052 3554 1161 3615 tamen
1185 3552 1350 3617 timidiora
1373 3573 1462 3615 man-

185 3657 262 3721 data
285 3657 488 3749 videbantur,
508 3680 605 3742 quam
628 3660 698 3721 erat
717 3656 853 3742 dignum
876 3660 933 3720 tua
955 3658 1131 3741 populique
1150 3656 1290 3722 Romani
1312 3657 1459 3722 victoria.

185 3767 318 3828 senatus
342 3768 466 3846 autem,
488 3764 534 3828 mi
556 3763 672 3849 Brute,
693 3762 791 3828 fortis
820 3768 870 3828 est
898 3768 931 3828 et
957 3764 1059 3829 habet
1085 3763 1182 3828 fortis
1210 3765 1320 3828 duces:
1349 3764 1460 3849 itaque

184 3870 323 3935 moleste
351 3870 478 3935 ferebat
506 3892 540 3935 se
568 3894 588 3934 a
615 3874 662 3953 te,
687 3891 782 3954 quem
811 3870 970 3955 omnium,
994 3871 1188 3957 quicumque
1215 3870 1368 3956 fuissent,
1396 3871 1461 3936 for-

184 3976 350 4042 tissimum
374 3978 548 4060 iudicaret,
571 3977 720 4041 timidum
747 3981 844 4060 atquc
867 3977 1021 4062 ignavum
1045 3978 1190 4043 iudicari.
1227 3978 1362 4063 etenim,
1386 3995 1495 4042 cuma

144 4088 217 4150 sote
242 4084 367 4148 incluso
391 4106 480 4168 spem
506 4084 682 4147 maximam
705 4105 816 4147 omnes
839 4083 1032 4149 habuissent
1055 4084 1090 4148 in
1108 4089 1165 4149 tua
1183 4085 1305 4149 virtute
1324 4084 1460 4149 florente
1500 4065 1504 4072 ⁵

184 4190 339 4276 Antonio,
358 4191 430 4275 quis
450 4195 530 4275 erat,
550 4190 604 4273 qui
625 4190 948 4275 quicquamntimeret
967 4192 1142 4278 profligato
1161 4191 1227 4275 illo,
1247 4195 1280 4255 te
1299 4192 1461 4256 liberato?

275 4389 297 4437 1.
317 4384 373 4455 est]
392 4386 466 4437 esset
485 4384 588 4448 Klerm.
617 4384 652 4449 cf.
669 4383 696 4436 0.
713 4383 748 4436 F.
761 4384 804 4435 W.
820 4383 923 4438 Metller
941 4386 979 4438 ad
997 4385 1050 4440 Cic.
1065 4386 1098 4439 de
1111 4387 1156 4453 off.
1176 4385 1223 4452 ΠΙ,
1240 4391 1281 4451 13,
1296 4389 1330 4437 56
1344 4387 1354 4451 l
1366 4384 1462 4452 petere

184 4454 253 4519 HD,
271 4457 400 4523 praetere
420 4456 457 4509 M
466 4458 514 4524 l3·
534 4453 631 4507 dilicio
649 4455 687 4506 M
696 4456 744 4521 nt.
763 4453 792 4506 in
811 4453 886 4524 quis]
905 4474 929 4510 o.
950 4458 987 4509 ad
1005 4456 1144 4523 X,22,2.
1173 4456 1324 4524 inquibus
1344 4472 1367 4513 ς.
1396 4462 1460 4509 octe-

183 4543 242 4579 rum
263 4528 297 4590 cs.
319 4526 470 4580 Mommsen
489 4527 527 4580 ‘r.
546 4525 673 4580 Stoatsn'
693 4524 732 4577 III
752 4543 780 4593 p.
797 4531 849 4578 260
872 4528 881 4596 ΙΙ
905 4532 928 4580 6.
954 4544 1009 4580 non
1034 4544 1086 4595 ego
1112 4529 1213 4582 tenelm
1233 4528 1267 4581 H
1286 4530 1295 4596 ΙΙ
1319 4532 1342 4581 7.
1367 4525 1462 4580 omnia

183 4613 246 4649 cnm
262 4596 296 4650 H
306 4599 316 4666 Ι
330 4603 372 4651 11.
392 4597 421 4652 L.
436 4597 526 4651 lamia
540 4598 597 4650 ind.
613 4597 654 4657 M,
674 4594 760 4648 lamia
782 4599 812 4649 Ψ
823 4598 832 4665 ΙΙ
846 4613 950 4666 magna
964 4599 1006 4664 M,
1020 4615 1125 4667 magna
1139 4602 1205 4652 sunt
1219 4598 1287 4667 HD,
1301 4599 1365 4665 sort.
1380 4597 1461 4668 restet!

184 4673 225 4722 13.
245 4666 270 4720 is
289 4667 358 4735 HD,
377 4667 413 4721 iis
434 4671 470 4721 M
481 4672 492 4736 {l
507 4675 547 4723 14.
568 4683 718 4733 omnesque
737 4667 807 4734 HD,
826 4684 921 4722 omnes
940 4686 1013 4738 quas
1032 4670 1069 4722 M
1079 4675 1087 4738 11
1101 4669 1126 4723 is
1145 4670 1215 4737 HD,
1233 4669 1269 4723 iis
1284 4670 1321 4724 Μ
1331 4671 1340 4737 ΙΙ
1355 4675 1397 4725 15.
1415 4685 1460 4722 ex·

182 4738 266 4792 citari
286 4756 310 4799 s.
331 4739 453 4793 excitare
475 4743 525 4806 ΨΙΙ
540 4745 581 4794 19,
600 4741 630 4793 te
648 4736 718 4790 mihi
736 4737 806 4806 HD,
824 4755 869 4792 me
887 4740 940 4793 tibi
961 4741 997 4792 M
1011 4745 1020 4810 l
1039 4747 1080 4795 20.
1101 4741 1242 4813 Lamiam]
1261 4741 1318 4794 iam
1336 4740 1394 4796 iam
1415 4741 1462 4814 ΨΝ

184 4810 270 4865 iueris
290 4811 332 4878 Μ,
351 4810 456 4866 iuueris
474 4811 534 4864 HD
547 4813 556 4880 ll
571 4815 612 4865 25.
632 4812 746 4879 putares
761 4809 818 4863 11·
919 4811 924 4816 ’
964 4829 1007 4865 rer
1024 4814 1138 4884 putares
1152 4814 1187 4868 M
