3286 5460
195 373 261 437 310
647 373 683 426 u.
703 371 808 426 avum
829 371 1017 429 siccamus

196 538 335 603 Romani
360 537 526 623 totiusque
550 536 666 601 Italiae
690 537 773 600 mira
792 538 962 603 consensio
981 543 1041 605 est
1082 538 1164 603 haec
1182 541 1276 602 erant
1294 536 1372 621 fere,
1392 557 1469 620 quae

197 645 258 709 tibi
282 648 361 709 nota
384 666 453 710 esse
477 643 604 729 veliem3
629 667 715 710 nuno
738 649 848 709 autem
871 650 959 731 opto,
982 649 1020 710 ut
1043 645 1084 710 ab
1108 645 1181 709 istis
1205 643 1352 709 Orientis
1375 643 1471 728 parti·

199 752 259 816 bus
283 751 416 816 virtutis
441 756 516 816 tuae
539 751 649 816 lumen
672 752 806 817 eluceat.
843 751 923 817 vale.

736 963 792 1029 vr.
825 961 930 1052 (ava.)

639 1121 799 1191 crosno
827 1122 1037 1191 unsaros.
1493 1163 1504 1203 ⁵

163 1303 175 1348 1
287 1284 351 1361 Qui
375 1287 480 1349 status
505 1306 613 1350 rerum
636 1284 735 1349 fuerit
758 1289 842 1369 tum,
871 1307 945 1351 cum
966 1284 1026 1349 has
1049 1284 1179 1350 litteras
1202 1285 1289 1370 dodi,
1314 1285 1398 1350 scire
1421 1308 1472 1370 po

197 1392 275 1455 teris
300 1414 338 1454 ex
362 1388 396 1455 G.
410 1391 498 1455 Titio
523 1389 694 1476 Strabone,
717 1391 788 1456 viro
811 1393 898 1457 bono
922 1396 955 1456 et
979 1391 1101 1476 optime
1125 1392 1164 1456 de
1187 1413 1222 1456 re
1245 1415 1275 1476 p.
1299 1391 1474 1475 sentiente,

197 1520 273 1562 nam
298 1498 375 1580 quid
399 1498 504 1562 dicam
529 1497 756 1581 ‘cupidissimo
780 1498 828 1562 tui
837 1497 857 1581 ',
881 1498 937 1583 qui
960 1497 1058 1562 domo
1078 1502 1111 1562 et
1129 1497 1271 1562 fortunis
1290 1497 1417 1563 relictis
1437 1498 1474 1562 ad

198 1610 230 1669 te
259 1604 468 1688 potissimum
495 1604 660 1688 profectus
689 1604 759 1668 sit?
804 1605 916 1688 itaque
946 1626 1021 1669 eum
1043 1605 1105 1669 tibi
1128 1627 1169 1670 ne
1193 1604 1385 1670 commendo
1409 1605 1475 1690 qui-

163 1712 285 1794 adem,
309 1711 465 1776 adventus
489 1710 592 1795 ipsius
616 1710 657 1775 ad
680 1715 713 1775 tc
736 1709 817 1775 satis
841 1733 915 1776 eum
939 1712 1186 1777 commendabit.
1232 1715 1270 1775 tu
1298 1710 1399 1775 velim
1430 1712 1476 1777 sic
1490 1733 1512 1772 ιο

200 1817 365 1882 existimes
395 1816 520 1901 tibique
547 1817 757 1902 persuadeas,
790 1839 884 1882 omne
912 1817 1098 1904 perfugium
1128 1819 1289 1883 bonorum
1318 1817 1354 1882 in
1381 1821 1416 1883 te
1444 1822 1477 1883 et

203 1923 307 1988 Bruto
336 1945 406 1987 esse
433 1923 593 2008 positum,
627 1923 670 2007 si,
703 1924 789 2008 quod
819 1924 935 2011 nolim,
966 1925 1093 1990 adversi
1117 1924 1193 2009 quid
1218 1923 1371 1990 evenerit
1418 1945 1479 2010 res,

201 2053 274 2094 cum
297 2030 378 2094 haec
403 2029 599 2114 scribebam,
622 2030 749 2095 eratin
772 2035 952 2095 extremum
975 2033 1115 2097 adducta
1137 2027 1328 2115 discrimen,
1354 2030 1478 2096 Brutus

199 2137 287 2201 enim
311 2135 457 2201 Mutinae
481 2135 536 2201 vix
557 2136 624 2200 iam
647 2136 842 2203 sustinebat:
863 2138 919 2222 qui
942 2139 969 2203 si
993 2139 1202 2203 conservatus
1226 2135 1304 2221 erit,
1328 2137 1478 2220 vicimus3

199 2244 251 2307 sin
273 2241 426 2326 -quod
456 2242 489 2306 di
520 2265 614 2308 omen
643 2245 807 2309 avertant!
832 2281 888 2328 -,
920 2245 1026 2310 omnis
1058 2243 1203 2309 omnium
1226 2265 1341 2309 cursus
1364 2247 1417 2309 est
1440 2244 1480 2309 ed
1494 2266 1517 2305 n

199 2372 265 2414 vos.
322 2348 457 2433 proinde
487 2349 539 2414 fac
569 2350 715 2415 animum
743 2354 872 2415 tantum
901 2351 1022 2416 habeas
1054 2355 1247 2434 tantumque
1277 2354 1481 2435 apparatum,

202 2461 322 2540 quanto
347 2478 428 2540 opus
452 2460 503 2520 est
526 2457 565 2520 ad
588 2456 773 2522 universam
796 2479 918 2543 remp.
941 2457 1203 2542 recuperandam
1248 2456 1329 2521 vale.

734 2667 809 2735 vu.
847 2666 951 2757 (aar.)

641 2828 802 2897 CICERO
827 2826 981 2896 CASSIO
1008 2828 1039 2896 S.

167 3012 180 3057 1
290 2990 418 3066 Quanto
447 2990 555 3055 studio
583 2990 778 3075 dignitatem
806 2994 897 3055 tuam
925 2994 958 3055 et
985 2991 1021 3055 in
1048 2994 1165 3055 senatu
1192 2994 1226 3055 et
1254 2990 1294 3055 ad
1317 2990 1478 3075 populum
1492 3016 1516 3054 sc

204 3098 416 3181 defenderim,
448 3119 487 3162 ex
514 3097 579 3161 tuis
608 3100 640 3161 te
670 3097 757 3160 malo
786 3118 883 3180 quam
911 3119 950 3161 ex
979 3119 1031 3162 ma
1059 3118 1270 3183 cognoscera3
1304 3118 1388 3181 quae
1413 3119 1485 3162 maa

204 3204 367 3269 sententia
385 3203 420 3268 in
433 3207 548 3267 senatu
566 3203 661 3268 facile
675 3203 840 3289 valuisset,
858 3203 922 3268 nisi
939 3203 1045 3269 Pansa
1058 3204 1266 3271 vehementer
1288 3202 1483 3288 opstitisset.

204 3334 241 3375 ea
265 3311 428 3375 sententia
449 3308 537 3374 dicta
559 3312 736 3394 productus
760 3333 833 3375 sum
856 3311 891 3375 in
914 3311 1098 3377 contionem
1117 3334 1137 3376 a
1155 3316 1195 3376 tr.
1210 3311 1254 3396 pl.
1271 3309 1314 3374 M.
1331 3308 1483 3376 Servilio:

201 3417 268 3482 dixi
292 3417 330 3481 de
354 3422 397 3501 te,
420 3437 501 3502 quae
520 3416 623 3500 potui,
646 3420 739 3481 tanta
758 3418 975 3501 contentione,
998 3421 1157 3500 quantum
1176 3417 1285 3482 forum
1303 3419 1366 3500 est,
1389 3420 1484 3482 tanto

204 3525 344 3589 clamore
374 3544 596 3606 consensuque
623 3524 750 3607 populi,
777 3528 815 3587 ut
841 3523 924 3588 nihil
948 3545 1103 3608 umquam
1127 3524 1233 3589 simile
1256 3523 1404 3588 viderim.
1451 3524 1483 3589 id
1497 3545 1522 3586 rs

201 3631 299 3695 velim
328 3629 408 3693 mihi
436 3629 587 3714 ignoscas
610 3630 697 3714 quod
720 3630 824 3695 invita
848 3652 943 3695 socru
966 3635 1024 3696 tua
1046 3629 1191 3696 fecerim:
1222 3627 1341 3694 mulier
1368 3627 1485 3694 timida

202 3737 383 3820 verebatur,
401 3758 442 3799 ne
462 3734 585 3800 Pansae
605 3737 730 3800 animus
752 3735 975 3802 offenderetur.
1003 3737 1037 3801 in
1057 3736 1209 3802 contione
1229 3736 1361 3820 quidem
1375 3733 1485 3800 Pansa

202 3843 285 3906 dixit
312 3847 450 3906 matrem
479 3864 607 3927 quoque
637 3848 728 3907 tuam
759 3846 793 3906 et
815 3841 951 3907 fratrem
974 3843 1067 3907 illam
1091 3866 1109 3907 a
1133 3863 1184 3906 me
1208 3841 1408 3906 sententiam
1430 3863 1486 3906 no·

203 3949 303 4013 luisse
327 3947 404 4031 dici3
438 3949 492 4012 sed
523 3972 573 4013 me
597 3949 678 4014 haec
700 3971 766 4013 non
789 3950 978 4034 movebant,
1005 3951 1070 4014 alia
1092 3947 1300 4032 †malebam:
1333 3947 1485 4013 favebam

169 4059 237 4120 set
261 4055 308 4119 rei
327 4078 366 4138 p,
390 4055 442 4119 cui
466 4077 593 4139 semper
615 4055 690 4141 favi,
714 4059 748 4119 et
771 4055 925 4140 dignitati
950 4079 986 4121 ao
1010 4055 1134 4142 gloriae
1153 4059 1238 4120 tuae.
1269 4054 1355 4138 quod
1373 4059 1484 4119 autem
1498 4079 1523 4118 sc

204 4166 238 4224 et
266 4161 299 4224 in
329 4166 444 4225 senatu
473 4162 625 4245 pluribus
650 4163 757 4227 verbis
781 4163 917 4228 disserui
942 4164 1019 4248 <et>
1042 4163 1108 4228 dixi
1133 4164 1167 4227 in
1190 4163 1355 4244 contione,
1387 4161 1423 4226 in
1446 4182 1484 4225 eo

204 4268 301 4331 velim
330 4268 429 4331 fidem
461 4290 567 4332 meam
599 4269 733 4354 liberes,
764 4270 901 4353 promisi
930 4252 1016 4335 edim
1044 4274 1077 4333 et
1104 4291 1205 4354 prope
1234 4268 1424 4334 confirmavi
1453 4272 1484 4332 ta

294 4467 316 4512 7.
337 4459 411 4512 Titio
431 4461 588 4528 Manutius,
605 4460 678 4515 tidio
699 4465 730 4516 Ψ
745 4464 755 4531 ΙΙ
774 4468 814 4515 10.
835 4461 1046 4516 commendabit
1065 4461 1134 4531 HD,
1153 4460 1209 4514 -uit
1226 4461 1264 4514 Μ
1278 4463 1288 4530 ΙΙ
1307 4466 1349 4515 12.
1369 4459 1394 4513 si
1416 4460 1484 4528 HD,

205 4531 248 4584 sin
268 4531 379 4599 411114,
399 4530 456 4584 iam
475 4530 522 4583 vix
542 4532 575 4584 H
584 4535 594 4601 ΙΙ
608 4531 777 4603 sustinebat]
797 4535 832 4599 cf.
852 4534 924 4587 Boot
942 4535 979 4586 ad
999 4534 1053 4587 Oic.
1073 4535 1110 4586 od
1129 4534 1187 4586 Art.
1207 4531 1344 4600 V11,v‚s
1362 4535 1371 4601 ΙΙ
1394 4537 1435 4585 lo.
1455 4529 1484 4584 di

205 4603 250 4668 M,
271 4601 311 4654 dii
331 4602 391 4656 HD
414 4605 423 4670 ΙΙ
446 4603 574 4725 ostkerit
593 4605 706 4658 Durati
728 4606 738 4672 ΙΙ
762 4609 802 4659 17.
822 4603 1032 4673 reciperandam
1054 4621 1069 4662 ς
1093 4606 1102 4672 ΙΙ
1125 4608 1167 4657 23.
1188 4620 1205 4656 a
1223 4602 1265 4670 D,
1293 4603 1330 4655 ad
1349 4602 1428 4669 ΜΗ,
1448 4602 1483 4655 ab

211 4674 368 4742 thseaberp
382 4674 390 4740 Ι)
405 4680 446 4727 25.
466 4693 495 4726 nr
517 4673 685 4742 ilumquam
700 4676 771 4743 MD,
790 4693 943 4743 numquam
957 4676 991 4729 H
1001 4678 1066 4744 1128.
1087 4692 1104 4727 a
1118 4691 1162 4727 me
1177 4692 1226 4728 om.
1242 4674 1304 4727 HD
1317 4676 1327 4742 ss
1340 4679 1382 4727 29.
1398 4671 1484 4726 male-

206 4741 283 4822 bam]
303 4744 438 4797 volcbant
456 4746 565 4799 Krcuss
589 4747 652 4815 (‘ep.
672 4748 731 4802 ern)
749 4766 778 4815 p.
795 4750 852 4814 32),
878 4753 946 4801 recto
966 4754 1049 4815 pcto,
1076 4747 1228 4799 movebant
1248 4745 1334 4800 Orelli
1356 4747 1365 4813 ΙΙ
1389 4750 1433 4799 30.
1452 4759 1485 4796 ac

206 4812 325 4883 glorrac]
339 4817 377 4868 sic
395 4818 429 4867 Ψ.
457 4818 490 4881 cf.
508 4815 536 4869 0.
554 4817 589 4871 F.
601 4818 643 4871 W.
660 4817 763 4872 Mettis-r·
778 4818 830 4872 θέο.
846 4836 887 4887 op.
903 4817 936 4884 II,
953 4824 966 4869 1
983 4819 1020 4872 ad
1035 4838 1065 4886 p.
1081 4823 1141 4885 441,
1158 4823 1191 4870 14
1205 4819 1214 4885 ΙΙ
1229 4821 1270 4872 31.
1286 4818 1334 4871 aa.
1350 4818 1380 4869 et
1392 4833 1444 4871 om.
1457 4818 1487 4869 Ψ
