3314 5460
580 1184 1007 1271 PRAEFATIO.

246 1487 287 1551 M.
300 1468 442 1551 Tullium
452 1487 605 1552 Tironem
617 1508 681 1550 una
693 1487 834 1552 editione
848 1487 963 1573 grandi
976 1508 1071 1552 omne
1083 1488 1168 1571 quod
1182 1493 1253 1552 tum
1265 1491 1434 1570 supererat

151 1595 320 1660 Ciceronis
345 1594 574 1659 commercium
598 1593 776 1677 epistulare
799 1599 929 1677 praeter
951 1593 1080 1658 litteras
1105 1594 1145 1657 ad
1167 1592 1317 1658 Atticum
1340 1593 1433 1656 datas

150 1701 328 1786 paullatim
341 1701 376 1765 in
390 1700 558 1784 publicum
571 1699 747 1784 protulisse
762 1705 839 1784 post
853 1700 1002 1786 egregias
1015 1700 1052 1764 L.
1063 1700 1208 1766 Gurliltii
1226 1699 1434 1785 quaestiones
1480 1691 1484 1698 ’

152 1829 269 1872 omnes
287 1807 383 1871 hodie
402 1806 617 1872 consentiunt.
626 1802 652 1892 ¹)
688 1806 778 1871 cuius
798 1806 950 1871 editionis
970 1829 1009 1870 ex
1030 1807 1177 1891 reliquiis
1196 1807 1294 1891 longe
1313 1804 1437 1890 gravis·

152 1914 275 1979 simum
288 1918 339 1979 est
351 1913 384 1977 id
397 1935 513 1997 corpus
526 1913 612 1997 quod
625 1912 765 1977 sedecim
779 1913 872 1978 libris
883 1914 1151 1997 comprehensum
1167 1914 1262 1978 hodie
1278 1918 1434 1976 tenemus.

154 2021 242 2105 quod
262 2041 378 2105 eorpus
397 2026 435 2084 ut
452 2019 591 2084 formam
610 2018 677 2084 iam
695 2019 795 2086 habet
812 2042 879 2111 non
897 2021 1066 2105 antiquam
1079 2027 1259 2086 -veteres
1274 2018 1361 2083 enim
1375 2017 1435 2081 has

154 2127 314 2211 epistulas
338 2126 536 2191 monobiblis
556 2126 806 2211 comprehensas
829 2127 1038 2211 lectitabant,
1060 2150 1125 2219 non
1145 2132 1275 2193 coactas
1294 2128 1329 2190 in
1346 2124 1436 2189 volu-

155 2232 246 2297 mina
270 2270 327 2314 —,
354 2233 403 2296 ita
425 2254 459 2296 re
483 2234 561 2317 quin
584 2232 651 2296 fere
675 2232 796 2297 referat
818 2233 947 2297 Tironis
972 2255 1103 2318 operam
1127 2234 1260 2298 dubium
1283 2237 1435 2298 nonest:

156 2362 240 2423 quae
268 2340 354 2403 enim
382 2362 421 2403 ex
451 2339 503 2403 his
531 2337 681 2422 epistulis
711 2338 786 2404 inde
814 2340 855 2403 ab
886 2340 1122 2423 antiquissimis
1153 2340 1355 2424 temporibus
1384 2340 1436 2403 ad-

155 2446 306 2509 feruntur
335 2445 528 2530 particulae,
560 2467 616 2509 eae
648 2445 688 2508 ad
719 2446 803 2510 idem
834 2446 920 2530 quod
952 2446 1048 2511 bodie
1079 2450 1129 2510 est
1159 2447 1295 2510 redeunt
1325 2445 1437 2509 funda-

156 2556 313 2616 mentum
350 2552 440 2636 ipsae
464 2558 574 2616 autem
597 2574 653 2616 eae
672 2553 852 2636 particulae
876 2553 904 2616 si
928 2552 1170 2637 coniunguntur
1193 2574 1267 2617 cum
1288 2550 1436 2637 vestigiis

157 2658 352 2742 quibusdam
380 2658 420 2722 ad
449 2659 577 2724 codices
605 2659 715 2742 plures
743 2659 839 2723 hodie
863 2658 1047 2741 deperditos
1076 2659 1315 2742 spectantibus,
1347 2658 1436 2722 nullo

156 2765 287 2829 saeculo
315 2786 449 2849 prorsus
476 2765 578 2830 fuisse
607 2764 832 2829 oblitteratam
859 2763 976 2829 Irarum
1004 2752 1218 2849 epistularum
1247 2764 1437 2829 memoriam

157 2871 246 2935 haud
270 2875 392 2936 temere
414 2872 492 2937 licet
516 2870 682 2955 suspicari.

247 2977 512 3062 antiquissimum
546 2978 649 3064 igitur
683 3000 722 3043 ex
756 2979 803 3043 eis
835 3000 917 3062 quae
951 2983 1125 3062 supersunt
1158 2976 1355 3043 testimoniis
1387 2983 1438 3042 est

156 3085 288 3149 Seraeeue
315 3084 418 3169 patris
443 3082 543 3170 (suas.
563 3084 633 3168 1,5
663 3108 692 3169 p.
712 3085 831 3170 524‚5
854 3084 946 3149 Mull.
964 3109 972 3149 ε
993 3083 1059 3150 Cio.
1079 3085 1118 3149 ad
1137 3085 1213 3149 fam.
1232 3084 1304 3168 XV,
1325 3086 1375 3169 19,
1393 3080 1439 3170 4),

158 3213 176 3255 e
196 3191 356 3255 memoria
374 3190 505 3275 quidem
523 3192 556 3255 id
579 3192 745 3276 prolatum
764 3213 866 3276 eoque
889 3193 999 3277 paullo
1019 3193 1229 3257 immutatum
1243 3191 1333 3255 —id
1353 3191 1439 3274 quod

158 3298 217 3362 alii
240 3319 368 3382 quoque
391 3297 538 3362 fecerunt
566 3299 752 3382 scriptores.
799 3304 953 3364 secuntur
981 3299 1197 3379 Quintilianus
1219 3304 1254 3362 et
1276 3297 1441 3361 Suetonius

158 3403 343 3469 adferentes
366 3404 422 3468 ille
447 3404 563 3483 (instit.
583 3427 628 3469 or.
648 3404 745 3488 VIII,
764 3407 794 3490 3,
813 3403 871 3491 35)
895 3428 943 3490 ep.
963 3407 1003 3469 ad
1022 3405 1099 3470 fam.
1118 3404 1184 3489 HI,
1204 3406 1233 3488 8,
1252 3405 1281 3487 3,
1308 3404 1363 3468 hie
1386 3402 1439 3487 (de

158 3532 209 3595 gr.
229 3516 263 3573 et
280 3511 361 3575 rhet.
384 3513 424 3575 14
447 3534 477 3595 p.
496 3515 555 3576 lll
577 3512 684 3596 Reiff.)
704 3513 744 3576 ad
764 3512 838 3575 fam.
857 3512 914 3595 IX,
935 3515 985 3594 10,
1006 3516 1032 3577 1.
1070 3510 1307 3594 epistoloyrupbi
1325 3510 1439 3573 deinde

160 3616 302 3681 Romani
324 3617 398 3681 inde
423 3640 442 3681 a
459 3617 568 3682 Plinio
587 3619 706 3683 minue
729 3616 773 3702 (v.
792 3641 839 3702 ep.
858 3617 965 3703 lna)
982 3618 1108 3682 -alia
1127 3618 1280 3682 nimirum
1301 3615 1439 3681 Senecae

158 3744 260 3787 eausa
283 3729 333 3787 est
353 3761 398 3770 —
416 3746 517 3808 usque
541 3724 581 3788 ad
605 3729 751 3789 extrema
773 3723 913 3789 labentis
938 3725 1066 3809 imperii
1088 3730 1237 3808 tempora
1260 3727 1293 3787 et
1315 3722 1441 3787 lectita-

158 3830 243 3892 bant
274 3829 332 3893 has
363 3830 521 3915 epistulas
549 3834 582 3895 et
611 3830 770 3895 imitando
800 3831 828 3896 si
859 3853 910 3895 res
938 3830 1039 3895 ferret
1068 3830 1306 3914 exprimebant,
1338 3828 1441 3894 veluti

158 3934 297 4010 Fronto,
319 3935 515 4017 Ambrosius,
538 3936 687 4001 Sidoniis
710 3937 920 4016 Apollinaris,
951 3938 1017 4003 alii.
1058 3937 1143 4001 idem
1167 3937 1311 4000 studium
1335 3937 1442 4000 tenuit

255 4131 281 4195 1)
301 4126 340 4182 CI.
360 4127 488 4182 Gurlittii
506 4127 587 4183 diss:
612 4129 658 4182 ‘de
677 4128 713 4184 M.
730 4127 805 4180 'Pulli
829 4128 970 4183 Ciceronis
993 4127 1123 4252 epistulis
1147 4144 1298 4196 earumque
1321 4127 1442 4197 pristina

159 4198 339 4253 collectione’
361 4199 403 4253 ed.
424 4197 577 4269 Gottingae
596 4216 620 4252 a.
638 4204 705 4252 1879
724 4215 853 4267 quaeque
876 4202 976 4269 postea
997 4199 1008 4252 i
1030 4216 1073 4253 em
1096 4199 1140 4253 vir
1163 4198 1288 4253 eruditus
1312 4197 1443 4268 exposuit

158 4272 191 4324 in
212 4287 276 4324 ann.
296 4269 393 4338 philol.
416 4274 482 4324 1885
501 4288 528 4393 p
544 4275 656 4339 561sq.,
678 4274 745 4324 1888
764 4288 790 4338 p.
806 4276 881 4324 863s
903 4273 958 4331 „et
976 4270 1005 4324 in
1045 4288 1117 4340 rogr.
1133 4268 1307 4340 Steglitiensi
1322 4287 1347 4324 a.
1364 4274 1441 4324 1888.

159 4346 310 4412 praeterea
324 4340 462 4395 videndae
476 4341 628 4395 rectiones
642 4341 686 4395 W.
698 4340 847 4395 Schirmeri
863 4341 895 4410 (P
919 4341 975 4396 'lol
1039 4343 1063 4395 V
1077 4360 1104 4411 p.
1116 4345 1233 4410 133sq.),
1249 4339 1277 4396 C.
1287 4340 1443 4395 Lehmanni

161 4411 343 4481 l‘lahresber.
364 4411 391 4467 d.
410 4411 537 4465 Berliner
555 4412 623 4481 phil.
642 4411 770 4466 Vereins’
790 4412 816 4464 X
834 4432 860 4482 p.
878 4415 968 4483 1sq.),
988 4412 1165 4468 lw.M1'illeri
1185 4413 1225 4481 (in
1245 4412 1376 4466 Bursiani
1394 4411 1442 4466 rel.

159 4501 228 4537 ann.
250 4488 317 4536 1888
338 4483 363 4535 ll
382 4502 407 4552 p.
425 4489 503 4551 leq.)
523 4483 559 4537 al.
576 4515 607 4522 —
624 4486 747 4537 ceterum
765 4482 849 4536 valde
868 4483 1015 4564 probabile
1035 4500 1081 4538 eos
1096 4483 1184 4537 libros
1198 4483 1228 4536 in
1243 4483 1345 4552 quibus
1359 4482 1444 4536 nimis

159 4554 321 4624 apparebat
339 4553 480 4608 Ciceronis
500 4553 619 4608 infestus
638 4553 751 4609 Caesari
768 4553 1000 4623 Caesenanisque
1018 4555 1128 4608 animus
1144 4585 1177 4594 —
1192 4557 1224 4608 ut
1243 4558 1361 4625 apparet
1379 4572 1405 4609 v.
1421 4572 1443 4610 c.

159 4626 192 4679 in
212 4623 342 4694 epistulis
357 4625 394 4678 ad
408 4623 536 4680 Cassium
551 4625 627 4678 datis
641 4625 710 4695 (XII,
728 4632 741 4678 1
753 4629 805 4694 sq.)
823 4659 863 4693 -‚
882 4625 955 4680 vivis
970 4625 1131 4679 etiamtum
1146 4626 1274 4696 augusto
1289 4629 1318 4680 et
1331 4624 1444 4680 Tiberio

159 4713 221 4751 non
238 4696 365 4766 potuisse
383 4696 496 4765 vulgari
514 4713 532 4750 a
550 4695 660 4765 Tirone,
681 4697 729 4751 sed
749 4713 809 4751 esse
828 4696 919 4750 editos
936 4729 965 4735 --
983 4715 1016 4749 ex
1036 4696 1188 4751 Tironiana
1205 4697 1319 4766 quidem
1334 4696 1444 4750 ordina-

157 4769 241 4823 tione
258 4800 290 4807 —-
305 4771 501 4837 postmortem
516 4771 545 4821 et
559 4767 636 4821 illius
652 4769 680 4821 et
693 4767 799 4822 Tiberii
814 4773 850 4836 (v.
862 4768 890 4822 F.
901 4768 956 4820 lieo
972 4767 1029 4822 ind.
1045 4768 1130 4824 schol.
1147 4769 1272 4839 Gotting.
1288 4773 1356 4821 1892
1370 4786 1397 4837 p⁴
1409 4773 1444 4836 3).

1219 4860 1231 4887 *

1195 4876 1213 4912 a
