3286 5460
199 354 262 417 104
651 351 689 405 Μ.
708 350 813 404 TVLLI
834 349 1023 404 CICERONIS

197 519 271 582 dere
305 539 403 601 quam
434 516 499 581 tuis
528 515 659 580 litteris.
707 513 838 579 omnino
871 535 923 578 res
956 516 1027 579 tota
1055 513 1090 577 in
1116 534 1261 579 mensem
1288 511 1473 578 Ianuarium

162 625 318 689 ureieeta
342 627 425 707 erat,
452 623 509 687 sed
536 620 631 686 faeile
660 621 878 687 obtinebatur.
921 638 982 705 ego
1010 624 1069 684 tua
1091 620 1314 705 gratulatione
1337 642 1474 685 commo

196 737 264 815 tua,
292 731 378 815 quod
402 730 442 793 ad
465 752 517 793 me
541 728 666 813 pridem
690 728 867 811 scripseras
891 727 974 791 velle
996 732 1030 791 te
1054 726 1135 791 bene
1158 726 1301 812 evenire,
1328 727 1416 812 qnod
1437 728 1472 792 de

196 836 315 902 Crasso
339 837 471 900 domum
495 833 660 919 emissem,
690 834 754 899 emi
778 856 849 897 eam
873 833 979 917 ipsam
1002 830 1135 898 domum
1153 823 1288 921 REXVI
1307 833 1472 919 aliquanto

195 948 271 1028 post
290 947 381 1006 tuam
401 941 670 1027 gratulationem
692 941 803 1025 itaque
825 963 910 1006 nune
929 962 981 1005 me
1000 939 1084 1005 seito
1103 944 1233 1006 tantum
1251 941 1374 1006 habere
1393 941 1472 1006 aeris
1495 961 1504 999 a

196 1048 307 1134 alieni,
336 1054 373 1113 ut
396 1049 524 1133 eupiam
549 1048 731 1131 coniurare,
754 1048 782 1112 si
806 1048 978 1134 quisquam
1002 1047 1154 1135 resipiat,
1176 1048 1232 1113 sed
1256 1049 1382 1134 partim
1403 1048 1473 1113 odio

196 1156 321 1221 inducti
353 1177 405 1220 me
442 1154 618 1219 excludunt
650 1158 683 1218 et
715 1157 826 1237 aperte
859 1154 1020 1220 vindicem
1057 1155 1292 1221 coniurationis
1330 1155 1472 1229 oderunt,

196 1264 315 1349 partim
339 1285 406 1327 non
430 1261 564 1326 eredunt
587 1264 621 1325 et
644 1283 664 1325 a
686 1283 738 1325 me
761 1260 897 1326 insidias
925 1265 1076 1326 metuunt
1102 1283 1162 1327 neo
1189 1266 1308 1346 putant
1331 1261 1362 1326 ei
1385 1282 1473 1325 num-

197 1394 267 1436 mos
296 1371 388 1435 desse
416 1391 525 1454 posse,
558 1369 614 1452 qui
643 1390 682 1432 ex
712 1369 881 1434 obsidione
913 1368 1115 1434 feneratores
1148 1368 1312 1434 exemerit.
1355 1367 1473 1453 †omni

198 1476 389 1543 semissibus
412 1497 533 1561 magna
556 1475 650 1560 eopia
673 1479 731 1558 est,
757 1496 818 1560 ego
842 1481 951 1540 autem
974 1476 1056 1540 meis
1080 1477 1178 1541 rebus
1202 1475 1305 1562 gestis
1323 1474 1388 1540 boe
1406 1496 1473 1539 sum
1487 1496 1505 1532 u

164 1603 178 1649 s
199 1585 386 1665 adsecutus,
413 1586 450 1645 ut
479 1581 600 1646 bonum
626 1601 745 1646 nomen
772 1581 946 1646 existimer.
988 1582 1120 1647 domurn
1149 1587 1241 1648 tuam
1267 1585 1368 1666 atque
1396 1581 1474 1645 aedi·

199 1690 383 1754 ficationem
412 1710 541 1753 omnem
569 1689 719 1773 perspexi
748 1692 781 1752 et
808 1692 974 1753 vementer
1001 1688 1146 1772 probavi.
1188 1689 1385 1772 Antonium,
1416 1687 1474 1751 etsi

199 1798 268 1862 eius
296 1797 330 1860 in
358 1818 409 1860 me
437 1795 546 1861 officia
575 1817 686 1860 omnes
715 1795 913 1881 desiderant,
944 1800 1055 1861 tamen
1082 1796 1117 1860 in
1143 1800 1258 1862 senatu
1287 1793 1475 1880 gravissime

200 1926 237 1968 ae
260 1900 511 1986 diligentissime
535 1901 662 1966 defendi
687 1905 899 1985 senatumque
925 1907 1091 1968 vementer
1114 1902 1261 1968 oratione
1285 1923 1359 1966 mea
1381 1904 1475 1984 atque

200 2010 397 2075 auctoritate
421 2009 592 2074 commovi.
634 2012 670 2072 tu
694 2009 734 2073 ad
758 2030 809 2072 me
833 2008 930 2072 velim
955 2008 1084 2075 litteras
1108 2009 1254 2074 erebrius
1277 2008 1401 2073 mittas.
1493 2028 1517 2065 ι

756 2255 830 2322 vn.
866 2255 927 2344 (4.)

200 2420 241 2484 M.
258 2417 449 2484 TVLLIVS
469 2418 512 2482 M.
527 2417 563 2483 F.
583 2416 743 2484 CICERO
765 2416 797 2482 S.
815 2416 854 2481 D.
875 2415 942 2482 CN.
961 2416 1159 2484 POMPEIO
1180 2417 1247 2484 CN.
1267 2418 1303 2484 F.
1322 2417 1478 2485 MAGNO

698 2523 982 2590 IMPERA'IORI.

168 2686 181 2733 1
291 2669 323 2733 S.
342 2674 364 2733 t.
385 2691 409 2732 e.
431 2690 461 2752 q.
480 2691 509 2731 v.
528 2667 558 2731 b.
578 2691 603 2732 e.
645 2691 684 2732 ex
711 2666 831 2731 litteris
859 2666 940 2752 tuis,
971 2689 1052 2751 quas
1083 2667 1212 2752 publiee
1242 2668 1377 2754 misisti,
1409 2670 1478 2752 cepi

204 2799 362 2858 timaeum
386 2775 537 2840 omnibus
561 2774 785 2839 incredibilem
809 2772 1024 2858 voluptatem3
1048 2778 1175 2839 tantam
1199 2775 1285 2840 anim
1310 2798 1402 2860 spem
1422 2775 1515 2842 otii:

203 2883 387 2965 ostendisti,
411 2903 508 2964 quam
533 2902 594 2966 ego
619 2903 745 2965 semper
765 2881 916 2945 omnibus
940 2885 973 2944 te
996 2903 1061 2946 uno
1085 2882 1188 2946 fretus
1209 2881 1402 2966 pollicebar3
1425 2882 1480 2946 sed

203 2988 265 3052 boe
294 2988 391 3071 seito,
424 2991 500 3050 tuos
529 2990 653 3050 veteres
681 2988 800 3072 bostis,
833 3009 935 3053 novos
964 2988 1087 3053 amieos
1120 2988 1328 3054 vehementer
1361 2987 1480 3052 litteris

168 3094 370 3178 apereulsos
403 3098 501 3176 atque
530 3115 569 3157 ex
598 3114 716 3178 magna
749 3115 805 3178 spe
839 3094 1030 3159 deturbatos
1063 3094 1177 3161 iacere.
1223 3095 1263 3160 ad
1292 3117 1342 3159 me
1374 3099 1481 3159 autem

203 3201 332 3264 litteras
356 3221 436 3282 quas
461 3200 590 3283 misisti,
614 3222 811 3284 quamquam
834 3201 986 3287 exiguam
1009 3201 1283 3286 significationem
1306 3205 1382 3266 tuae
1405 3222 1482 3287 erga

205 3329 255 3370 me
284 3306 462 3370 voluntatis
490 3306 668 3392 habebant,
699 3311 808 3372 tamen
837 3309 919 3372 mibi
952 3307 1035 3372 seito
1062 3306 1219 3374 iucundas
1247 3307 1362 3391 fuisse;
1394 3307 1506 3373 nulla:

206 3413 290 3477 enim
319 3435 353 3477 re
382 3417 450 3477 tam
478 3413 595 3477 laetari
628 3414 716 3479 soleo
750 3437 848 3499 quam
880 3437 1027 3479 meorum
1060 3414 1243 3480 officiorum
1275 3415 1483 3497 conscientia,

206 3521 323 3604 quibus
352 3520 379 3584 si
410 3520 537 3603 quando
569 3543 636 3585 non
668 3525 778 3586 mutue
812 3522 1040 3606 respondetur,
1074 3523 1158 3606 apud
1192 3545 1243 3586 me
1274 3522 1349 3606 plus
1384 3522 1483 3587 oflicii

206 3626 345 3691 residere
368 3626 523 3692 facillime
546 3628 667 3710 patior:
691 3628 771 3692 illud
795 3650 860 3693 non
884 3628 1012 3712 dubito,
1036 3629 1127 3714 quin,
1152 3629 1180 3694 si
1203 3634 1236 3694 te
1261 3651 1332 3694 mea
1356 3651 1485 3695 summa

294 3872 318 3919 2.
338 3863 512 3918 obtinebitur
526 3866 659 3935 Pluppers
674 3867 815 3933 (limosos.
831 3866 876 3920 XI.
893 3872 969 3922 1862.
985 3885 1015 3937 p.
1030 3869 1102 3934 290),
1122 3867 1266 3921 inutiliter.
1285 3868 1320 3934 cs.
1337 3867 1381 3922 W.
1393 3867 1484 3922 Stem-

205 3938 275 4005 topf
291 3936 356 3991 ‘Clu
378 3937 497 4005 Corresp.
518 3939 637 3988 (ΒΘ-ὅθ’
655 3956 700 4006 pr.
721 3938 871 4005 Elberseld.
891 3943 960 3991 1889
976 3941 1116 4008 1114113.
1135 3938 1206 3991 bene
1225 3955 1276 3993 our.
1296 3940 1345 4006 Gt!
1359 3937 1484 4009 evenire]

208 4007 300 4060 uenire
310 4010 336 4060 u
349 4011 358 4076 11
372 4013 396 4061 4.
409 4009 527 4076 postult.
539 4007 653 4061 domum
668 4013 738 4061 3-4
752 4010 803 4063 litt.
818 4016 888 4078 spat.
904 4011 934 4063 in
948 4012 1001 4077 ltere
1015 4027 1051 4064 es.
1063 4010 1103 4063 Μ.
1119 4008 1172 4063 HS.
1187 4011 1330 4079 supplebat
1339 4010 1484 4081 Martyri-

210 4089 325 4157 In-puuo
344 4091 353 4156 11
371 4080 481 4153 le'XVl
499 4090 598 4156 scripsi
616 4090 661 4156 (es.
682 4089 850 4158 Irarqaurru
874 4089 968 4144 ‘rruou
989 4089 1172 4144 Sraaaeauo!
1194 4089 1232 4141 ΙΙ*
1250 4107 1277 4158 p.
1292 4094 1341 4155 40,
1366 4089 1485 4143 Hatram

208 4159 321 4227 ‘primia
336 4177 361 4211 u
379 4176 456 4212 roem.
472 4159 613 4212 Merrow
629 4178 657 4227 p.
673 4162 744 4227 296),
770 4159 871 4212 XXXV
890 4164 924 4229 u,
944 4159 1073 4214 sestertio
1093 4157 1187 4213 tricies
1206 4159 1355 4228 quinquies
1381 4160 1485 4214 Weseu·

207 4232 268 4298 διν-9
287 4232 294 4295 11
314 4228 466 4296 aliquando
487 4230 512 4283 G
535 4232 544 4296 11
567 4236 591 4283 ῐ).
612 4234 676 4310 post
694 4232 772 4284 tuam
793 4231 860 4299 GR,
878 4234 1009 4301 postnam
1028 4233 1062 4285 Μ
1075 4235 1084 4299 11
1098 4230 1168 4284 seito
1188 4248 1232 4283 me
1253 4231 1278 4286 G
1296 4233 1306 4300 11
1327 4235 1351 4285 7.
1371 4232 1401 4284 et
1422 4231 1485 4298 GR,

207 4317 241 4353 ea
259 4301 296 4353 Μ
320 4303 329 4367 11
356 4306 380 4354 8.
403 4298 507 4368 partim
532 4299 643 4373 (mibi)
667 4318 722 4354 non
747 4303 905 4372 Wesenberp
927 4306 936 4370 11
959 4320 976 4355 a
999 4320 1043 4356 me
1070 4320 1119 4356 oua
1144 4303 1172 4356 R
1198 4304 1207 4370 11
1235 4307 1259 4356 9.
1284 4302 1382 4356 deesse
1407 4301 1486 4367 GR„

207 4370 283 4424 omui
303 4372 347 4437 M,
367 4370 456 4424 omnis
477 4372 547 4437 GR,
566 4371 678 4425 omnino
697 4389 727 4439 ς,
750 4372 832 4426 bonis
850 4376 880 4454 (i.
895 4392 915 4429 e.
936 4375 1113 4443 loerspletibus
1135 4374 1301 4440 lr-onriuibus)
1320 4373 1344 4426 I.
1361 4372 1399 4426 F.
1415 4372 1484 4427 Gro-

209 4444 303 4496 uorr'us
326 4443 464 4509 (‘ebserr.’
486 4442 524 4494 IV
542 4462 601 4511 cup.
618 4446 652 4512 t).
681 4461 719 4497 aa
738 4444 877 4510 sumendi,
902 4447 973 4514 quod
995 4462 1153 4514 stuprosum
1171 4447 1208 4498 sit
1226 4462 1244 4497 α
1263 4442 1363 4511 eopia?
1387 4444 1426 4497 ud
1443 4459 1485 4496 se-

208 4512 340 4565 missibus
360 4530 467 4567 sumere
486 4517 520 4580 es.
544 4515 637 4568 I‘qut.
656 4516 736 4570 Asiae.
755 4520 820 4570 248:
843 4517 964 4569 ‘sumam
982 4516 1099 4582 fenore',
1118 4514 1266 4584 pecuniam
1285 4515 1378 4569 omisit
1392 4514 1486 4569 Cicero

208 4587 289 4638 elium
304 4603 334 4653 p.
356 4585 451 4639 Flore.
472 4589 518 4639 It:
547 4585 683 4653 ‘sumpsit
701 4603 718 4639 a
737 4584 839 4638 Fufiis'
868 4590 877 4655 11
906 4593 946 4641 10.
967 4587 1129 4640 semissibus
1153 4605 1202 4641 orn.
1223 4586 1249 4640 G
1272 4587 1281 4653 11
1304 4586 1347 4638 est
1365 4602 1417 4641 om.
1436 4585 1485 4647 Ru

212 4662 250 4709 12¹.
270 4658 299 4707 et
318 4662 359 4709 14.
381 4657 559 4709 uehementer
579 4658 633 4710 GR
651 4658 660 4724 11
680 4662 721 4711 17.
740 4675 785 4726 gn.
806 4657 935 4726 pompeio
954 4677 999 4726 gu.
1019 4660 1088 4725 MR,
1108 4674 1179 4726 gneo
1198 4655 1328 4726 pompeio
1348 4670 1417 4709 oneo
1438 4656 1465 4711 G
1477 4642 1487 4727 l!

213 4733 250 4777 lt).
271 4743 304 4778 ex
318 4725 374 4780 litt.
390 4728 421 4795 t]
442 4730 475 4792 of.
492 4726 642 4795 aS'ternlcopf
655 4746 722 4781 tirus.
743 4729 829 4781 Illreu.
845 4734 886 4783 47.
904 4734 980 4783 1892.
997 4733 1220 4799 1147081121.
1240 4745 1324 4796 quam
1342 4729 1378 4796 a,
1397 4742 1486 4796 quan·

210 4800 267 4848 turn
282 4813 307 4864 ς,
322 4799 385 4850 berre
400 4799 676 4865 (011111ε1ι1ωιοναηη.
688 4800 757 4868 phil.
772 4817 797 4852 a.
810 4804 879 4851 lete
889 4802 988 4869 plut)
1001 4803 1010 4869 11
1025 4806 1067 4853 22.
1077 4801 1180 4854 ueteris
1190 4802 1216 4852 u
1230 4802 1239 4870 11
1252 4804 1294 4853 ⁶23.
1304 4796 1486 4868 persuasus
