3286 5460
612 380 866 436 EPISTVLARVM
886 380 918 435 v.
940 386 981 435 19.
1001 386 1042 436 so.
1403 377 1467 445 123

189 541 295 627 perim
322 565 342 608 a
368 542 471 608 fratre
499 547 566 610 tuo.
610 546 638 610 si
667 545 773 611 honos
800 546 829 610 is
856 545 933 630 fuit,
966 545 1123 610 maiorem
1156 545 1217 610 tibi
1248 546 1368 610 habere
1400 569 1467 611 non

190 649 296 734 potui,
324 650 352 714 si
375 651 469 737 fides,
500 653 657 718 maiorem
681 653 743 718 tibi
765 653 865 717 habui
890 675 987 737 quam
1011 675 1112 737 paene
1135 653 1199 737 ipsi
1223 653 1315 736 mihi3
1345 653 1372 717 si
1397 676 1468 737 pro-

191 756 365 821 videndum
391 756 468 842 fuit,
495 781 537 824 ne
565 760 642 844 quid
671 759 779 844 aliter,
807 783 844 826 ac
868 761 930 825 tibi
953 764 987 824 et
1009 760 1183 825 honestum
1206 764 1240 824 et
1263 760 1344 824 utile
1373 765 1468 843 esset,

190 862 376 948 referretur,
397 887 464 929 non
482 864 592 951 habui,
615 867 668 932 cui
686 867 796 951 potius
815 868 848 932 id
867 867 992 953 negotii
1015 867 1136 951 darem,
1159 889 1257 952 quam
1276 866 1373 949 (cui)
1388 866 1471 932 dedi.

162 970 272 1036 sillud
305 971 437 1056 quidem
469 977 556 1038 certe
586 973 710 1039 factum
739 979 803 1058 est,
835 975 921 1060 quod
948 974 1001 1038 lex
1028 974 1176 1058 iubebat,
1207 978 1245 1038 ut
1272 973 1358 1058 apud
1390 974 1470 1038 duas

190 1078 357 1164 civitates,
388 1078 621 1146 Laodicensem
648 1086 682 1146 et
710 1080 943 1166 Apamensem,
976 1102 1058 1164 quae
1085 1080 1181 1145 nobis
1214 1079 1354 1145 maxime
1386 1080 1472 1144 vide

189 1187 323 1270 bantur,
352 1187 506 1270 quoniam
532 1188 581 1252 ita
608 1210 738 1253 necesse
766 1192 849 1272 erat,
879 1188 1023 1253 rationes
1052 1187 1216 1253 confectas
1244 1186 1391 1252 conlatas
1419 1187 1471 1251 de·

190 1315 395 1378 poneremus.
440 1294 551 1379 itaqua
584 1295 661 1360 huic
687 1295 761 1361 loco
793 1295 935 1380 primum
968 1296 1147 1381 respondeo
1175 1316 1241 1379 mc,
1273 1281 1472 1378 quamquam

188 1400 287 1464 iustis
310 1400 349 1464 de
373 1401 480 1465 causis
499 1401 642 1468 rationes
661 1402 787 1467 deferre
808 1403 1021 1488 properatim,
1045 1407 1155 1467 tamen
1173 1406 1206 1466 te
1225 1405 1470 1486 expectaturum

153 1529 177 1567 ro
190 1507 306 1592 fuisse,
336 1507 401 1572 nisi
428 1507 464 1572 in
491 1509 658 1593 provincia
690 1510 822 1574 relictas
854 1510 999 1574 rationes
1032 1532 1091 1593 pro
1119 1508 1276 1591 <ra>latis
1309 1507 1472 1594 haberem,

192 1615 404 1698 quamobrem
427 1613 447 1654 *
469 1614 505 1680 *.
547 1616 586 1680 de
610 1615 749 1682 Volusio
778 1616 864 1700 quod
896 1615 1042 1700 scribis„
1058 1638 1124 1680 non
1154 1619 1205 1679 est
1231 1614 1265 1678 id
1293 1614 1506 1702 rationum33
1592 1702 1595 1707 y

192 1721 373 1786 docuerrmt
395 1723 483 1787 enim
499 1745 562 1812 ,mc
590 1723 688 1807 periti
715 1722 878 1807 homines,
906 1722 1011 1787 ineis
1035 1745 1108 1788 cum
1137 1722 1282 1787 omnium
1311 1723 1471 1806 peritissi-

192 1850 281 1911 mus,
314 1831 384 1893 tum
418 1827 498 1894 mihi
532 1829 767 1915 amicissimus,
800 1826 835 1894 (l.
858 1828 1034 1914 Camillus,
1066 1831 1106 1895 ad
1134 1828 1308 1895 Volusium
1341 1828 1471 1894 traferri

190 1957 311 2000 nomen
338 1935 514 2001 aValerio
542 1959 608 2001 non
636 1937 795 2021 potuisse,
828 1937 964 2022 praedes
992 1936 1185 2002 Valerianos
1213 1937 1326 2001 teneri.
1366 1958 1471 2021 neque

152 2061 176 2100 u
190 2041 222 2106 id
246 2045 320 2106 erat
339 2041 396 2108 HS
420 2033 535 2129 1ἷΧΧ1,
558 2048 595 2109 ut
618 2044 744 2128 scribis,
768 2044 824 2108 sed
843 2042 899 2108 HS
923 2033 1026 2129 lffil,
1049 2043 1225 2108 eratenim
1244 2047 1356 2108 curata
1375 2043 1471 2108 nobis

188 2147 329 2232 pecunia
351 2148 477 2214 Valerii
502 2151 661 2235 mancipis
688 2151 833 2235 nomine,
863 2173 902 2216 ex
930 2173 995 2235 qua
1022 2150 1183 2235 reliquum
1211 2150 1296 2234 quod
1325 2153 1408 2233 erat,
1437 2150 1471 2213 in

188 2255 374 2320 rationibus
397 2257 519 2322 rettuli.
561 2258 617 2322 sed
641 2258 688 2324 sic
711 2281 763 2322 me
786 2262 819 2323 et
842 2257 1052 2323 liberalitatis
1077 2257 1186 2322 fructu
1210 2256 1319 2341 privas
1343 2261 1377 2321 et
1399 2256 1506 2321 dili-4

188 2360 320 2447 gantiae
343 2366 385 2446 et,
409 2364 495 2447 quod
518 2365 652 2429 minime
672 2369 782 2430 tamen
805 2365 928 2448 laboro,
952 2365 1123 2430 mediocris
1144 2364 1243 2428 etiam
1262 2364 1467 2448 prudentiae:

187 2468 413 2554 liberalitatis,
442 2470 528 2555 quod
556 2472 659 2536 mavia
688 2472 814 2537 scribae
838 2472 901 2537 mei
925 2471 1081 2537 beneficio
1105 2493 1203 2555 quam
1226 2493 1298 2535 meo
1322 2470 1468 2556 legatum

138 2592 155 2630 ²
187 2598 300 2640 meum
328 2576 592 2662 praefectumque
620 2577 657 2654 Q.
679 2578 818 2663 Leptam
846 2578 987 2642 maxima
1015 2577 1200 2642 calamitate
1227 2577 1366 2662 levatos,
1393 2600 1467 2642 cum

185 2683 384 2767 praesertim
406 2706 472 2748 non
495 2684 651 2749 deberent
674 2707 745 2750 esse
774 2684 927 2770 obligati,
953 2684 1156 2770 diligentiae,
1185 2684 1271 2768 quod
1298 2683 1467 2748 existimas

183 2789 228 2853 de
252 2793 348 2854 tanto
371 2789 479 2855 officio
502 2813 588 2875 mco,
611 2796 705 2857 tanto
729 2793 828 2857 etiam
846 2791 990 2875 periculo
1013 2813 1072 2856 nec
1096 2791 1195 2857 scisse
1219 2814 1271 2855 me
1295 2791 1468 2876 quicquam

180 2918 250 2962 nec
273 2897 483 2984 cogitavisse,
512 2900 667 2983 scribam,
697 2898 849 2984 quicquid
872 2898 1043 2980 voluisset,
1067 2920 1140 2963 cum
1163 2898 1196 2962 id
1220 2898 1300 2963 mihi
1325 2920 1366 2961 ne
1391 2897 1469 2962 reci-

184 3003 329 3067 tavisset
356 3004 500 3089 quidem,
528 3006 709 3090 rettulissc3
738 3005 944 3090 prudentiae,
974 3006 1078 3088 †cum
1108 3027 1176 3069 rem
1204 3027 1224 3069 a
1252 3026 1302 3069 mc
1329 3027 1395 3069 non
1423 3004 1469 3068 in-

182 3109 351 3194 sipienter
387 3111 606 3198 excogitatam
643 3113 773 3197 quidem
810 3117 915 3196 putas.
969 3133 1045 3176 nam
1078 3115 1111 3176 et
1143 3110 1272 3175 Volusii
1307 3110 1468 3175 liberandi

181 3238 301 3280 meum
324 3216 388 3281 fuit
411 3219 584 3283 consilium
608 3223 654 3301 et,
677 3223 715 3283 ut
738 3218 841 3283 multa
864 3221 931 3281 tam
955 3218 1065 3303 gravis
1088 3216 1272 3282 Valerianis
1295 3217 1468 3301 praedibus

177 3321 318 3408 ipsique
341 3323 376 3387 T.
396 3323 501 3389 Mario
525 3324 754 3410 depelleretur,
782 3348 802 3389 a
829 3347 880 3388 me
909 3325 991 3388 inita
1014 3325 1099 3389 ratio
1122 3329 1186 3410 est,
1216 3346 1314 3408 quam
1338 3325 1467 3407 quidem

177 3451 305 3494 omncs
328 3452 394 3495 non
416 3431 522 3497 solum
547 3432 700 3516 probant,
728 3432 784 3496 sed
812 3431 911 3495 etiam
939 3430 1087 3514 laudant,
1116 3435 1161 3514 et,
1189 3430 1218 3493 si
1246 3452 1357 3494 verum
1385 3431 1467 3495 scire

175 3537 253 3620 ris,
286 3535 349 3601 hoo
376 3537 433 3601 uni
461 3540 587 3604 scribae
615 3561 687 3604 meo
716 3538 862 3603 intellexi
889 3561 954 3603 non
984 3538 1123 3603 nimium
1150 3537 1291 3622 placere,
1323 3536 1379 3600 sed
1407 3554 1504 3621 egos

283 3753 306 3800 1.
323 3766 352 3815 p.
369 3753 428 3814 122,
443 3754 474 3802 ³1
496 3765 513 3802 a
531 3748 618 3803 fratrc
636 3751 686 3802 tuo
705 3747 861 3817 acceperim
877 3749 963 3817 614.
983 3748 1029 3802 cui
1046 3747 1136 3816 suppl.
1153 3747 1289 3802 Graecias
1302 3749 1312 3814 11
1325 3746 1391 3800 dodi
1406 3749 1469 3814 GR,

169 3819 289 3873 «larem
304 3818 344 3871 M.
373 3819 506 3873 dederam
527 3822 693 3890 ll'eserrberq
712 3819 877 3873 mandaram
893 3819 979 3874 Orelli
991 3822 1001 3888 11
1015 3826 1038 3874 5.
1055 3819 1141 3888 certe]
1161 3819 1269 3871 certum
1284 3820 1370 3886 Ω116.
1391 3818 1468 3887 lapa-

167 3904 316 3944 mensem
330 3891 368 3944 M
377 3893 386 3959 1
400 3889 539 3944 maximae
559 3909 574 3948 ς
592 3895 601 3960 11
623 3897 646 3945 7.
666 3890 785 3944 collatas
807 3891 901 3958 Orelli,
920 3891 1079 3944 consolatos
1095 3890 1136 3954 Μ,
1156 3889 1330 3957 collat—aequo
1349 3890 1386 3956 R,
1406 3906 1469 3943 con-

168 3962 356 4028 nolatasquc
375 3962 400 4016 G
422 3965 432 4030 11
454 3968 477 4015 9.
499 3962 605 4016 deferre
625 3965 701 4016 terrui
719 3980 780 4015 eserie
799 3962 964 4016 Mornnrserro
988 3964 1034 4029 (‘r.
1055 3961 1182 4017 Secuto!
1203 3961 1234 4013 1³
1249 3979 1277 4028 p.
1295 3961 1356 4028 704)
1374 3968 1470 4015 contra

169 4036 209 4088 J.
230 4032 269 4087 F.
286 4033 422 4088 Gronocii
439 4032 541 4087 referre
568 4037 577 4101 11
604 4037 699 4087 tamen
720 4034 764 4100 M,
789 4032 831 4086 ita
848 4050 893 4086 me
913 4033 951 4102 G,
975 4032 1017 4087 ita
1035 4035 1062 4088 R
1089 4036 1098 4101 11
1127 4039 1168 4086 10.
1192 4030 1289 4086 relatis
1308 4032 1470 4099 Lambinus,

166 4099 258 4159 latis
277 4105 305 4156 Ω
325 4105 336 4184 11
358 4110 396 4157 11.
417 4103 507 4158 detuli
525 4107 614 4174 suppl.
636 4105 730 4169 Orelli,
744 4106 831 4173 plura
850 4105 980 4159 excidisse
995 4111 1079 4173 putul
1097 4104 1257 4173 ll'esecberp
1274 4106 1283 4171 11
1303 4100 1331 4154 id
1350 4121 1401 4157 om.
1421 4105 1448 4158 R
1469 4104 1472 4171 1

171 4184 229 4229 12.
253 4174 309 4244 eis]
328 4173 363 4228 ris
383 4176 553 4245 ll'eserrberp,
579 4175 624 4228 his
642 4178 669 4228 Ω
691 4179 700 4244 11
725 4182 765 4229 13.
785 4176 857 4246 tum]
877 4178 908 4228 tu
925 4176 943 4243 l,
969 4182 981 4228 1
1004 4177 1055 4231 litt.
1074 4194 1120 4241 er,
1143 4175 1181 4228 M
1196 4176 1267 4237 (tum
1287 4175 1326 4241 P)
1349 4176 1358 4240 11
1380 4177 1470 4227 trans-

160 4252 256 4309 ferri
273 4252 329 4307 GR
343 4256 353 4322 11
368 4260 408 4307 15.
429 4254 486 4326 HS]
506 4255 544 4308 SS
567 4262 679 4324 utroque
702 4257 759 4310 loco
777 4258 804 4308 Ω
825 4259 834 4323 11
859 4249 938 4309 xm(
964 4259 1062 4326 scripsi
1081 4258 1127 4323 (cf.
1146 4256 1183 4308 ud
1197 4255 1230 4322 V,
1245 4261 1270 4322 6,
1285 4259 1319 4323 2),
1344 4254 1418 4306 XXX
1438 4255 1475 4307 M

222 4334 262 4387 od
282 4339 372 4386 tumere
390 4337 474 4387 niueis
488 4352 603 4402 pureum
624 4353 756 4390 sarnmom
774 4338 900 4403 efficeret,
920 4336 996 4389 m
1016 4337 1069 4391 GR
1083 4338 1093 4404 11
1111 4335 1174 4388 xlx
1197 4337 1304 4404 scripsi,
1323 4334 1386 4387 xlx
1400 4335 1471 4400 MR,

158 4353 254 4458 iffi
275 4405 301 4457 G
315 4406 324 4472 l
340 4409 380 4458 17.
400 4404 484 4457 retuli
504 4406 559 4461 GR
572 4409 582 4475 11
603 4412 644 4460 20.
661 4415 724 4475 post
743 4423 835 4460 meum
854 4409 982 4462 lucanum
999 4410 1096 4462 slulreit
1117 4408 1282 4475 ll'esereberp,
1302 4425 1356 4475 qua
1375 4424 1471 4459 rromerc

160 4470 274 4546 bynu·
286 4506 317 4513 -
330 4475 371 4529 M.
382 4477 475 4530 Arraei
487 4508 516 4515 -
529 4478 685 4546 absorptam
699 4480 735 4532 sil
749 4481 758 4546 11
772 4478 1012 4548 praefectumque]
1032 4481 1066 4543 cf.
1082 4480 1232 4531 Mommsen
1253 4479 1286 4530 ‘r.
1303 4478 1427 4530 Forsclrff
1444 4477 1468 4529 ll

148 4561 212 4612 1).
230 4551 284 4598 441
304 4547 314 4612 11
333 4544 364 4609 Q.
379 4546 497 4616 Leptam
515 4565 565 4602 om.
586 4550 610 4602 G
628 4552 638 4617 11
657 4555 698 4603 24.
719 4550 794 4619 cum]
814 4550 889 4618 quod
908 4552 1061 4604 Lorrrbiruis
1075 4552 1084 4617 11
1102 4555 1144 4602 25.
1164 4548 1278 4615 quidem
1295 4548 1392 4618 putas]
1413 4548 1468 4619 <ne

159 4615 369 4688 cogitatam>
389 4620 439 4686 (rel
453 4617 492 4689 <a
507 4636 550 4673 me
565 4637 600 4673 ne
614 4619 804 4692 cogitatam)
822 4621 936 4690 quidem
954 4624 1037 4690 putas
1056 4623 1119 4674 olim
1139 4621 1331 4689 suppleverunt
1350 4626 1469 4688 ematque

165 4689 219 4742 iil
238 4689 390 4741 etiamnum
409 4689 566 4745 Moramsen.
600 4694 748 4746 reiecerunt
767 4694 900 4748 scescle
923 4696 964 4761 (p.
981 4694 1090 4760 162sq.)
1113 4698 1138 4745 et
1158 4690 1330 4756 Hirschfeld,
1352 4708 1386 4744 ex
1408 4690 1469 4758 qui·

166 4758 257 4812 dem
276 4760 360 4826 putas
378 4761 523 4826 efficientes
537 4764 582 4816 ille
595 4763 702 4815 refutas
722 4765 762 4817 rel
780 4764 818 4816 im
839 4764 931 4832 robae,
950 4766 994 4819 lic
1013 4762 1104 4815 eidem
1123 4764 1152 4830 (i.
1167 4763 1314 4831 ascribere)
1328 4761 1452 4831 imputas

165 4832 236 4884 ⁸26.
256 4827 348 4881 multa
368 4830 406 4898 M,
425 4830 507 4885 multi
528 4833 582 4889 GR
604 4837 614 4903 l
636 4832 770 4903 grauibus
791 4782 846 4890 Gli
