3314 5460
624 397 881 453 EPISTVLARVM
899 396 936 451 Π.’
953 403 977 452 6.
999 404 1021 452 7.
1042 405 1067 454 8.
1444 398 1487 462 35

156 562 415 646 tabellarios,
446 566 496 647 ut,
530 563 683 647 quoniam
716 584 793 627 sane
824 561 964 626 feliciter
993 564 1026 624 ct
1053 583 1092 625 ox
1120 583 1193 625 mea
1224 561 1388 625 sententia
1419 583 1487 625 rem

155 670 376 766 publicam
401 669 577 756 gessimus,
600 669 672 734 unis
696 669 816 733 litteris
839 669 942 733 totius
966 667 1101 732 aestatis
1125 689 1176 731 res
1200 671 1311 753 gestas
1335 669 1375 732 ad
1399 690 1489 733 sena·

156 793 276 850 tum
304 777 549 861 perscriberem.
590 777 628 840 de
653 776 833 842 sacerdotio
862 780 932 859 tuo,
960 778 1116 859 quautam
1145 797 1256 839 curam
1284 774 1489 839 adhibuerim

159 905 373 974 quamque
398 883 524 948 difficili
547 884 582 947 in
604 905 639 948 re
662 887 759 967 atque
783 904 892 967 causa,
920 903 1096 967 cognosces
1120 904 1158 945 ex
1181 881 1235 946 eis.
1252 881 1385 964 litteris,
1409 904 1488 966 quas

127 988 383 1072 sThrasoni,
406 989 524 1054 liberto
549 994 616 1072 tuo,
639 989 719 1053 dedi.
756 992 798 1072 te,
822 988 866 1051 mi
891 985 998 1072 Curio,
1020 1010 1080 1073 pro
1105 993 1162 1052 tua
1184 988 1366 1053 incredibili
1385 989 1420 1052 in
1439 1011 1490 1053 me
1509 1005 1527 1055 4

161 1096 433 1166 benivolentia
452 1118 587 1179 meaque
606 1097 685 1160 item
708 1096 743 1160 in
766 1100 799 1160 te
819 1095 977 1180 singulari
996 1117 1077 1181 rogo
1096 1099 1193 1179 atque
1213 1116 1280 1179 oro,
1303 1117 1343 1159 ue
1364 1095 1489 1180 patiare

168 1207 389 1291 quicquam
412 1202 493 1267 mihi
513 1203 553 1267 ad
572 1203 655 1266 hanc
672 1202 906 1288 provincialem
924 1202 1110 1266 molestiam
1133 1202 1290 1287 temporis
1309 1202 1489 1289 prorogari.

168 1332 366 1398 praeseus
396 1314 504 1375 tecum
536 1310 603 1396 egi,
636 1331 709 1374 cum
736 1313 769 1374 te
797 1313 837 1373 tr.
864 1309 906 1393 pl.
935 1309 1001 1373 isto
1029 1331 1113 1374 anno
1142 1308 1212 1373 fore
1238 1332 1305 1374 non
1331 1315 1491 1395 putarem,

172 1420 356 1500 itemque
386 1416 490 1500 petivi
522 1439 618 1500 saepe
649 1439 708 1500 per
739 1415 882 1500 litteras,
914 1417 969 1480 sed
1003 1419 1074 1480 tum
1106 1416 1200 1500 quasi
1230 1439 1250 1479 a
1281 1415 1491 1501 †senatuore,

132 1550 162 1590 ιο
175 1523 418 1588 nobilissimo
443 1527 552 1588 tamen
576 1523 780 1588 adulescente
804 1527 837 1589 et
860 1521 1112 1608 gratiosissimo,
1135 1544 1221 1587 nunc
1245 1545 1264 1586 a
1287 1526 1326 1587 tr.
1350 1523 1392 1608 pl.
1417 1527 1449 1587 et
1473 1546 1492 1588 a

181 1626 352 1695 Curione
375 1630 519 1716 tribuno,
540 1652 606 1696 nou
628 1635 667 1695 ut
691 1629 882 1695 decernatur
905 1629 1027 1713 aliquid
1050 1628 1127 1694 novi
1150 1666 1186 1676 -
1209 1630 1295 1713 quod
1319 1629 1403 1694 solet
1422 1650 1491 1693 esse

183 1734 378 1802 difficilius
403 1775 460 1822 —,
488 1738 544 1803 sed
567 1742 667 1802 utne
691 1738 768 1821 quid
791 1737 868 1802 novi
890 1737 1097 1822 decernatur,
1121 1740 1159 1800 ut
1182 1740 1215 1800 et
1238 1736 1344 1801 senati
1368 1736 1493 1801 consul·

188 1845 279 1905 tum
313 1849 346 1908 et
368 1844 459 1930 leges
483 1844 635 1909 defendas
663 1866 764 1929 eaque
790 1842 1046 1908 mihi'condicio
1070 1848 1212 1927 maneat,
1241 1834 1304 1927 qua
1326 1842 1491 1926 profectus

190 1968 299 2014 sum:
323 1951 385 2016 hoc
409 1956 443 2016 te
466 1951 674 2016 vehementer
696 1951 797 2016 etiam
820 1955 918 2035 atquc
942 1950 1041 2014 etiam
1065 1971 1157 2037 rogo.

157 2144 182 2184 1⁵
751 2129 842 2194 vui.
873 2126 955 2216 (cc.)

445 2271 488 2337 u.
512 2269 674 2338 cronno
699 2270 877 2338 Pnocos.
902 2270 934 2338 a.
958 2270 996 2336 n.
1020 2269 1064 2335 M.
1087 2269 1259 2337 CAELIO.

307 2412 410 2489 Quid?
433 2419 471 2479 tu
494 2437 545 2479 me
565 2414 626 2480 hoc
648 2414 710 2479 tibi
730 2415 899 2480 mandasse
918 2414 1095 2497 existimas,
1117 2419 1155 2478 ut
1173 2415 1255 2478 mihi
1273 2415 1491 2499 gladiatorum
1513 2435 1525 2481 1

205 2522 464 2604 conpositiones,
482 2525 520 2585 ut
534 2521 719 2586 vadimonia
737 2521 846 2606 dilata,
864 2526 901 2586 ut
916 2519 1046 2586 Chresti
1061 2521 1326 2606 compilationem
1344 2522 1492 2588 mitteres

206 2615 253 2675 et
285 2647 321 2711 ea,
342 2651 424 2712 quae
447 2628 552 2713 nobis,
576 2651 650 2693 cum
672 2628 796 2694 Romae
821 2651 941 2713 sumus,
964 2650 1095 2693 narrare
1118 2650 1213 2692 nemo
1237 2628 1378 2692 audeat?
1411 2628 1492 2713 vide,

167 2731 373 2798 ”sunum
397 2735 459 2799 tibi
483 2757 555 2799 meo
583 2736 703 2801 iudicio
730 2736 874 2800 tribuam
898 2774 939 2782 —
963 2757 1022 2800 nec
1046 2736 1185 2799 mercule
1209 2734 1340 2819 iniuria,
1367 2741 1493 2800 πολιτι-

201 2829 359 2922 κώτερον
382 2842 469 2906 enim
494 2847 527 2905 te
551 2842 656 2907 adhuc
678 2843 840 2907 neminem
869 2843 1007 2927 cognovi
1031 2865 1087 2905 -ε
1116 2864 1156 2905 ne
1179 2842 1238 2906 illa
1261 2842 1391 2925 quidem
1415 2864 1493 2907 curo

199 2937 302 3009 mihi
321 2948 460 3033 scribas,
483 2970 565 3033 quae
590 2949 739 3014 maximis
763 2950 797 3013 in
820 2949 916 3013 rebus
941 2949 988 3013 rei
1010 2948 1160 3033 publicae
1184 2953 1342 3034 geruntur
1365 2949 1493 3029 cotidie,

195 3034 287 3114 uisi
306 3054 380 3137 quid
402 3055 443 3118 ad
468 3056 649 3139 meipsum
678 3056 869 3140 pertinebit:
897 3056 1041 3120 scribent
1069 3056 1139 3139 alii,
1167 3055 1263 3119 multi
1286 3054 1493 3138 nuntiabunt,

191 3152 356 3224 perferet
388 3161 495 3225 multa
526 3162 626 3227 etiam
658 3163 728 3246 ipse
760 3185 883 3245 rumor,
917 3185 1015 3247 quare
1048 3183 1110 3247 ego
1140 3184 1199 3226 uec
1226 3161 1404 3246 praeterita
1433 3183 1493 3224 nec

306 3359 328 3409 1.
346 3353 460 3408 filieiter
474 3355 511 3409 M
521 3357 531 3424 ΙΙ
544 3371 608 3409 mea
622 3356 673 3410 del.
692 3356 733 3410 10.
743 3355 877 3410 Schrader
889 3358 900 3437 l
912 3360 937 3410 2.
951 3355 1015 3409 unis
1029 3355 1065 3424 R,
1085 3355 1168 3408 unius
1182 3355 1244 3410 MG
1263 3357 1305 3424 (ira
1321 3355 1357 3408 M
1370 3371 1388 3406 u
1399 3360 1494 3424 postea

184 3409 305 3491 ‘'Qu)
324 3427 379 3495 lt.
398 3442 539 3494 quamque
558 3443 587 3494 ς,
611 3442 782 3494 quamquam
801 3429 827 3480 Ω
845 3428 854 3495 ΙΙ
872 3425 982 3480 difficili
1001 3428 1047 3493 M,
1071 3425 1238 3480 difficillime
1260 3425 1314 3480 GR
1332 3428 1342 3494 ΙΙ
1360 3427 1445 3492 atque
1463 3424 1494 3477 in

184 3481 301 3549 Quia
314 3497 369 3551 GR
382 3499 392 3566 ll
406 3496 446 3551 eis
479 3496 524 3550 his
539 3499 573 3564 Ω,
592 3497 628 3550 iis
643 3515 659 3555 ς
673 3500 682 3567 ll
696 3506 721 3552 ὃ.
739 3497 867 3552 thrasoni
884 3499 1006 3552 rodendo
1024 3515 1058 3552 ex
1075 3496 1222 3551 tharasoni
1238 3499 1279 3564 M,
1298 3495 1406 3550 trasoni
1421 3496 1494 3566 GRl

185 3540 224 3661 ξς
259 3567 442 3648 Wfluelll‘ls
471 3571 552 3637 (3-4
571 3569 633 3634 liu,
651 3570 716 3636 fort.
735 3568 765 3622 in
783 3571 820 3637 te,
840 3573 920 3638 eras.)
939 3568 1008 3623 item
1026 3568 1057 3621 in
1074 3571 1103 3623 te
1122 3570 1168 3631 M,
1192 3584 1310 3636 meaque
1329 3567 1357 3619 in
1376 3568 1405 3619 te
1424 3566 1493 3619 item

184 3627 275 3729 [Β
286 3641 295 3707 l
308 3646 332 3694 7.
350 3638 550 3707 proumtialem
568 3640 606 3693 M
620 3642 629 3707 ΙΙ
648 3646 672 3695 8,
691 3641 725 3695 tr.
744 3640 795 3711 pl]
815 3644 951 3709 tyrannus
969 3639 1067 3709 publio
1086 3640 1209 3693 lentulus
1228 3643 1255 3692 Ω
1273 3642 1282 3708 ll
1301 3646 1325 3692 9.
1345 3639 1493 3691 senatuore

184 3699 324 3802 ,Senatu
342 3726 389 3763 ore
409 3711 446 3779 G)
464 3710 535 3778 MG,
555 3713 683 3764 senatore
701 3712 737 3767 R.
759 3714 846 3766 nortis
864 3713 951 3766 modis
968 3713 1050 3766 cerba
1068 3714 1216 3765 aenatuore
1235 3741 1269 3750 -
1288 3707 1493 3779 gratiosissimo

193 3775 345 3849 ‘neptam
370 3788 447 3849 aaut,
475 3784 594 3836 maxime
621 3785 895 3852 transpositionibus;
921 3789 989 3837 recte
1012 3783 1147 3837 Streiclrer
1171 3784 1211 3852 (p.
1228 3786 1278 3834 195
1297 3783 1346 3850 sq.)
1370 3782 1411 3834 nil
1438 3782 1494 3833 nisi

185 3839 385 3906 *Qmure-
400 3855 442 3907 itu
461 3869 477 3910 ς
493 3861 699 3922 -corruptum
721 3871 775 3908 ease
797 3856 879 3909 dixit.
902 3871 986 3923 rceque
1009 3861 1099 3908 tomen
1122 3855 1199 3908 illius
1223 3855 1361 3906 sectatore
1385 3852 1494 3904 adrnittr'
1545 3867 1548 3873 ¹

185 3912 311 3992 Potest,
338 3926 388 3993 qui
462 3929 487 3978 et
510 3925 588 3978 uerbo
611 3925 831 3979 contumeliosum
854 3931 878 3979 et
901 3943 920 3978 a
942 3942 970 3979 re
993 3943 1061 3994 quae
1084 3927 1179 3995 apitcer
1201 3926 1330 3978 alienum.
1362 3925 1494 3976 nimirum

189 3984 362 4059 monim
403 3996 466 4049 urio
485 3996 657 4049 tribunatum
674 3997 796 4051 nondum
810 3997 926 4064 adeptus
939 3997 1051 4065 adepto:
1071 4003 1128 4050 tum
1142 3998 1257 4065 prinmo
1276 3995 1384 4064 quidem
1401 3995 1494 4062 pratia

193 4046 296 4125 {llum
312 4072 343 4120 irc
362 4073 460 4121 senum
477 4068 601 4135 flomisse
623 4067 668 4120 sed
690 4069 804 4135 publiea
823 4070 942 4122 concisse
962 4099 992 4106 —
1013 4069 1136 4122 videlicet
1159 4069 1328 4137 praestorr'ua
1351 4072 1408 4118 tum
1427 4071 1494 4131 croc,

196 4130 223 4204 ²,-
240 4148 270 4187 θ.
283 4137 395 4192 habebut
408 4138 515 4206 pridem
529 4140 574 4191 ius
587 4139 734 4192 sententiae
747 4141 885 4205 dicendae,
904 4140 950 4192 sed
963 4155 993 4192 eo
1006 4139 1062 4204 sere
1076 4156 1132 4192 con
1147 4141 1275 4193 utebatur
1289 4137 1333 4206 (cs.
1346 4136 1495 4189 Mommsen

221 4194 360 4263 statur)
381 4207 421 4261 ΠΙ
435 4225 465 4277 p.
481 4212 544 4278 982)
565 4239 610 4274 -,
633 4226 713 4278 eoque
735 4209 887 4264 Ciceronem
910 4210 1025 4263 ocultum
1043 4212 1176 4265 adirevore
1194 4226 1251 4263 nort
1269 4210 1398 4277 potuisse.
1427 4207 1494 4259 deli·

204 4263 310 4349 t&terre
332 4281 421 4350 igitur
444 4281 474 4332 in
503 4282 651 4332 senatuore
673 4282 782 4334 videtur
804 4283 913 4336 verbum
936 4282 1049 4361 aliquod
1072 4298 1124 4350 quo
1149 4282 1200 4334 illa
1221 4279 1349 4333 Curionis
1371 4278 1495 4331 condicto

124 4446 126 4451 -
211 4346 1496 4492 biififflbmiirdiiffliiiiidiriiiiitiriueiiiiciriiiaitiiiicii‘iuiiiii‘iisapie}

222 4476 327 4545 hlutuno
341 4463 440 4562 priblio
455 4491 562 4545 lentulo
574 4495 601 4544 Ω
613 4496 623 4561 ll
637 4509 654 4544 a
664 4510 714 4546 om.
725 4494 752 4548 R
766 4498 775 4563 ll
790 4499 831 4548 12.
847 4497 879 4547 ut
888 4481 918 4547 et
927 4494 997 4560 MR,
1013 4494 1062 4546 sod
1072 4496 1104 4546 ut
1114 4495 1139 4547 G
1154 4497 1162 4561 ΙΙ
1179 4489 1370 4546 irracundi
1385 4489 1495 4571 cousul-

229 4549 283 4612 ium
298 4564 340 4632 M,
359 4565 475 4618 senatus
495 4563 654 4617 consultum
673 4565 699 4618 G
719 4566 800 4633 (Ms),
820 4569 893 4620 notis
910 4568 1041 4635 exposcit
1060 4565 1087 4617 R
1105 4569 1115 4633 ΙΙ
1135 4570 1174 4616 13.
1194 4579 1251 4630 qua
1269 4561 1344 4628 MR,
1364 4579 1433 4629 quia
1452 4563 1497 4631 θη

234 4631 356 4708 lrcfactus
379 4635 427 4701 M,
454 4634 630 4703 profecturus
655 4635 710 4689 GR
732 4639 741 4705 ΙΙ
766 4642 805 4691 14.
830 4640 858 4689 te
882 4637 1061 4689 uehementer
1084 4634 1171 4688 etiam
1189 4635 1235 4702 M,
1263 4633 1444 4688 uehementer
1467 4636 1495 4686 tc

240 4698 304 4757 tham
321 4707 360 4773 G,
383 4705 566 4759 uehementer
584 4705 721 4774 peretiam
739 4708 767 4761 R
785 4711 793 4776 ll
812 4724 879 4776 rogo
903 4708 967 4761 uale
988 4707 1013 4760 G
1036 4708 1045 4774 Ιι
1070 4712 1110 4760 la.
1128 4707 1333 4774 irueriptionem
1351 4723 1401 4760 orn.
1423 4706 1478 4761 GR
1487 4706 1497 4777 ss

242 4772 269 4838 ml
279 4775 342 4830 celio
361 4778 430 4843 (suit
443 4775 589 4847 marcelio)
603 4778 640 4830 M
650 4779 659 4846 ΙΙ
675 4783 714 4832 18.
730 4778 867 4832 dilatant
882 4780 944 4847 GR,
964 4777 1055 4830 dilata
1073 4779 1102 4830 et
1115 4778 1152 4830 M
1162 4780 1172 4845 ss
1187 4782 1228 4830 19.
1248 4792 1282 4828 ea
1301 4779 1387 4849 quael
1407 4793 1496 4846 eaque

242 4839 290 4916 llG,
306 4864 353 4902 eas
368 4849 396 4902 R
409 4850 421 4918 fl
434 4853 478 4903 20,
498 4848 656 4902 mehercule
677 4849 731 4904 GR
749 4853 758 4919 ll
777 4856 819 4905 20.
839 4856 881 4904 21.
901 4854 1129 4919 πολειτικωτερον
1148 4851 1175 4902 Ω
1193 4851 1291 4935 (notar.
1312 4848 1371 4917 ΜΤ)

1243 4942 1258 4988 3
1269 4936 1282 4963 a
