3286 5460
198 349 262 412 ‘262
651 349 687 403 M.
707 347 813 402 TVLLI
833 344 1022 401 CICERONIS

163 532 178 580 3
198 513 309 577 Planci
338 511 459 576 litteris
488 513 689 597 cognovisse.
736 511 807 595 sed,
834 510 902 575 sive
929 508 964 574 in
987 530 1011 574 s.
1035 531 1062 574 c.
1085 508 1152 573 sive
1175 507 1211 572 in
1233 506 1350 573 ceteris
1380 505 1472 571 rebus

199 620 360 684 desideras
385 618 516 703 aliquid,
539 618 586 684 sic
610 619 671 683 tibi
695 617 866 703 persuade,
890 621 1016 682 tantam
1041 638 1110 681 esse
1133 616 1219 700 apud
1243 614 1349 680 omnis
1373 614 1472 678 bonos

200 729 248 792 tui
276 726 461 810 caritatem,
493 730 530 790 ut
557 727 683 791 nullum
712 747 814 811 genus
846 724 1067 808 amplissimae
1096 720 1267 810 dignitatis
1299 718 1474 808 excogitari

199 835 311 919 possit,
336 834 421 917 quod
444 833 506 897 tibi
529 856 596 898 non
618 838 769 919 paratum
792 833 844 898 sit.
890 832 1019 896 litteras
1042 835 1116 896 tuas
1142 833 1308 896 vementcr
1333 831 1476 913 expecto,

200 946 232 1004 et
257 940 386 1023 quidem
411 940 496 1025 talis,
520 941 625 1026 qualis
650 940 787 1005 maxime
812 944 899 1024 opto.
942 940 1022 1005 valo.
1500 949 1510 988 ⁶

709 1134 830 1201 xxm
862 1131 966 1223 (415.)

617 1276 820 1345 romeus
847 1273 1067 1345 oronaonr.

166 1440 179 1486 1
289 1420 476 1505 Numquam
500 1421 710 1504 mehercules,
734 1422 778 1485 mi
802 1419 926 1504 Cicero,
952 1441 1004 1484 me
1027 1420 1209 1504 paenitebit
1232 1419 1376 1484 maxima
1398 1416 1480 1503 peri·

201 1530 274 1593 cula
296 1550 355 1611 pro
381 1528 488 1611 patria
512 1529 634 1612 subire,
661 1530 753 1614 dum,
780 1529 809 1592 si
833 1528 910 1611 quid
933 1525 1088 1592 acciderit
1110 1525 1206 1611 mihi,
1228 1549 1248 1590 a
1270 1525 1480 1609 reprensione

201 1634 396 1699 temeritatis
425 1635 538 1718 apsim.
584 1635 756 1700 confiterer
783 1633 1003 1719 imprudentia
1025 1655 1077 1697 me
1101 1633 1242 1718 lapsum,
1271 1632 1301 1696 si
1323 1648 1517 1716 umquam1⁰

201 1741 324 1824 Lepido
345 1741 510 1805 exanimo
531 1742 753 1824 credidissem3
777 1740 950 1806 credulitas
970 1741 1057 1806 enirn
1075 1763 1167 1805 error
1185 1743 1236 1805 est
1256 1739 1361 1825 magis
1383 1761 1481 1823 quam

203 1849 310 1931 culpa,
334 1847 520 1930 etquidem
543 1848 576 1912 in
601 1848 717 1932 optimi
741 1847 896 1931 cuiusque
921 1852 1064 1912 mentem
1086 1846 1242 1913 facillime
1265 1845 1403 1930 inrepit3
1427 1845 1481 1910 sed

202 1977 263 2040 ego
296 1977 361 2018 non
390 1954 452 2018 hoc
482 1953 563 2019 vitio
597 1977 696 2039 paene
730 1977 802 2019 sum
835 1955 1006 2038 deceptus,
1038 1953 1196 2037 Lepidum
1228 1951 1315 2017 enim
1347 1951 1483 2036 pulchre

201 2084 325 2125 noram.
358 2060 452 2144 ‘quid
475 2082 554 2146 ergo
578 2061 666 2126 est?’
703 2063 807 2147 pudor
831 2084 892 2145 me,
915 2061 972 2145 qui
994 2061 1029 2125 in
1053 2061 1138 2125 bello
1162 2059 1336 2125 maximest
1358 2059 1484 2145 pericu·

203 2169 302 2251 lusus,
324 2167 410 2231 hunc
435 2189 545 2232 casum
570 2169 679 2252 coegit
701 2168 824 2253 subire3
847 2190 937 2252 narn,
960 2169 987 2231 si
1010 2189 1075 2232 uno
1099 2167 1171 2232 loco
1195 2187 1313 2250 essem,
1336 2166 1484 2248 verebar,
1499 2182 1521 2220 1⁵

203 2274 318 2338 necui
343 2277 601 2357 optreetatorum
631 2275 756 2339 viderer
779 2279 813 2338 et
834 2274 973 2339 nimium
1001 2273 1213 2359 pertinaciter
1236 2272 1359 2357 Lepido
1390 2273 1487 2338 offen-

168 2399 258 2445 asus
287 2385 320 2444 et
349 2403 421 2444 mea
443 2380 603 2463 patientia
631 2382 731 2445 etiam
759 2381 845 2445 alere
869 2381 1000 2445 bellurn.
1045 2380 1156 2464 itaque
1187 2380 1298 2463 copias
1326 2401 1431 2464 prope
1455 2380 1488 2444 in

205 2491 413 2571 conspectum
438 2487 552 2571 Lepidi
576 2487 776 2571 Antoniique
801 2487 917 2551 adduxi
943 2486 1222 2573 quadragintaque
1250 2486 1393 2551 millium
1417 2509 1489 2572 pas·

205 2616 300 2658 suum
329 2593 436 2677 spatio
465 2594 579 2658 relicto
604 2594 733 2659 consedi
762 2616 800 2659 eo
829 2593 981 2678 consilio,
1010 2598 1048 2657 nt
1074 2593 1125 2657 vel
1154 2593 1304 2658 celeriter
1333 2595 1488 2658 accedere

205 2702 255 2765 vel
280 2700 468 2764 salutariter
492 2701 634 2784 recipere
658 2723 709 2765 me
734 2721 871 2784 possem.
915 2700 1045 2765 adiunxi
1069 2698 1149 2765 haec
1171 2701 1206 2765 in
1229 2699 1300 2765 loco
1325 2700 1489 2785 eligendo,
1503 2717 1527 2754 ω

206 2809 329 2900 humen
346 2806 533 2890 oppositum
552 2811 589 2871 nt
606 2807 770 2890 haberem,
788 2808 823 2872 in
843 2830 907 2891 quo
926 2829 1019 2872 mora
1037 2807 1196 2872 transitus
1215 2811 1310 2891 esset,
1329 2805 1489 2873 Vocontii

205 2915 265 2978 sub
294 2936 392 2976 manu
420 2916 457 2977 ut
484 2919 606 2996 essent,
635 2937 692 2999 per
720 2937 859 2998 quorum
887 2916 960 2980 loca
986 2915 1126 2979 fideliter
1155 2914 1235 2979 mihi
1263 2917 1393 2998 pateret
1418 2915 1490 2980 iter.

207 3021 346 3102 Lepidus
378 3020 548 3102 desperato
577 3022 718 3086 adventu
747 3044 832 3104 mec,
866 3044 961 3105 quern
988 3044 1054 3087 non
1083 3020 1289 3086 mediocriter
1321 3021 1490 3106 captabat,

207 3149 240 3190 se
269 3148 341 3190 cum
370 3125 515 3191 Antonio
543 3129 711 3193 coniunxit
734 3151 762 3193 a.
782 3130 810 3191 d.
831 3147 883 3192 1111
903 3127 942 3191 Κ.
961 3126 1047 3212 Iun,
1079 3127 1254 3211 eodemque
1284 3124 1336 3192 die
1364 3128 1407 3192 ad
1438 3150 1490 3193 me

207 3237 314 3296 castra
342 3238 527 3315 moverunt,
560 3234 676 3318 viginti
709 3235 812 3298 millia
842 3257 996 3318 passuum
1025 3256 1099 3299 cum
1127 3233 1293 3318 abessent,
1324 3255 1377 3298 res
1407 3234 1490 3299 mihi
1504 3248 1529 3288 ἥ

172 3338 357 3405 anuntiata
386 3344 443 3401 est.
490 3339 562 3403 dedi
590 3362 721 3425 operam
755 3341 849 3406 deum
881 3341 1099 3426 benignitate,
1130 3344 1169 3405 ut
1197 3345 1230 3404 et
1257 3339 1410 3405 celeriter
1437 3364 1490 3407 me

208 3444 384 3527 reciperem
415 3448 447 3507 et
475 3445 528 3509 hic
557 3445 718 3512 discessus
746 3448 827 3512 nihil
856 3448 953 3533 fugae
983 3448 1088 3512 simile
1119 3447 1268 3512 haberet:
1297 3469 1364 3512 non
1394 3447 1489 3513 miles

208 3553 308 3635 ullus,
335 3574 400 3615 non
428 3573 539 3635 eques,
568 3575 633 3617 non
662 3554 835 3638 quicquam
864 3555 1171 3638 impedimentorum
1199 3554 1409 3618 amitteretur
1433 3560 1490 3619 aut

208 3660 248 3722 ab
276 3657 342 3722 illis
371 3656 572 3723 ferventibus
600 3660 782 3725 latronibus
811 3661 1067 3745 interciperetur.
1114 3661 1224 3743 itaque
1247 3659 1350 3744 pridie
1373 3658 1490 3724 Nonas

209 3766 319 3829 Iunias
344 3764 449 3828 omnis
473 3765 583 3848 copias
607 3764 733 3830 Isaram
756 3766 870 3831 traieci
894 3767 1082 3851 pontisque,
1110 3788 1189 3851 quos
1212 3766 1366 3851 feceram,
1392 3767 1490 3831 inter·
1504 3781 1529 3820 ³⁰

209 3873 295 3956 rupi,
326 3878 362 3935 ut
386 3869 529 3954 spatium
553 3872 593 3936 ad
617 3872 837 3958 colligandum
865 3895 899 3937 se
927 3873 1075 3938 homines
1103 3873 1263 3938 haberent
1290 3878 1323 3937 et
1350 3894 1413 3959 ego
1438 3897 1490 3939 me

299 4070 322 4117 2.
342 4065 452 4117 tantam
475 4081 509 4120 ec
531 4066 641 4117 tantum
667 4067 702 4118 M
706 4065 711 4100 ¹
735 4068 744 4134 ΙΙ
767 4072 791 4120 4.
812 4066 992 4120 uehementer
1012 4066 1070 4119 HD
1093 4069 1102 4135 ΙΙ
1126 4071 1149 4120 9.
1169 4064 1385 4135 reprehensione
1405 4066 1469 4121 HD
1483 4066 1493 4137 l

212 4142 251 4188 10.
277 4134 368 4188 absim
393 4135 508 4189 M⁰HD
534 4139 543 4204 l]
572 4142 612 4190 11.
637 4153 684 4190 ma
707 4136 729 4190 's
753 4138 796 4191 est
819 4138 852 4190 H
876 4139 885 4207 ll
915 4143 954 4192 14.
979 4135 1100 4190 maxime
1124 4139 1168 4189 est
1191 4135 1254 4190 HD
1278 4138 1288 4204 Ι
1317 4142 1358 4191 16.
1383 4111 1491 4209 coagitl

210 4205 287 4274 cogit
309 4209 339 4258 Ψ
354 4210 362 4274 ll
381 4206 417 4276 si]
436 4205 492 4260 nisi
511 4209 562 4260 olii
580 4209 589 4273 ΙΙ
612 4214 652 4260 16.
672 4224 688 4261 0
710 4209 743 4262 tr.
764 4209 879 4262 M⁰HD
897 4211 906 4277 ll
925 4207 1030 4277 Lepido
1049 4225 1099 4261 om.
1120 4210 1149 4260 ll
1167 4210 1176 4277 ΙΙ
1196 4213 1237 4261 17.
1257 4207 1346 4262 etiam
1364 4225 1417 4263 oro.
1438 4210 1472 4263 Η

212 4284 252 4331 18.
272 4276 392 4330 millium
412 4277 475 4330 MD
493 4279 537 4344 (cf.
553 4281 590 4333 aa
604 4297 643 4348 cp.
659 4284 701 4346 17,
720 4283 752 4345 l),
772 4278 881 4332 milium
901 4281 934 4334 H
945 4282 954 4348 ΙΙ
968 4285 1010 4335 20.
1031 4278 1193 4333 salutariter
1212 4280 1280 4346 HD,
1300 4278 1421 4334 salutari
1437 4281 1474 4334 Μ
1489 4281 1492 4309 r

210 4357 251 4401 2⁵2.
277 4347 399 4401 fideliter
422 4347 490 4400 mihi
515 4352 625 4417 pateret
648 4349 702 4403 lter
725 4350 818 4418 MDI,
845 4350 967 4404 fideliter
988 4349 1057 4403 mihi
1079 4351 1256 4419 1M=paterl
1281 4352 1310 4403 et
1332 4350 1423 4405 frater
1441 4351 1491 4420 Dl,

212 4436 280 4489 mihi
307 4435 427 4490 fideliter
450 4439 560 4506 pateret
583 4439 608 4491 fr
634 4438 769 4507 (strator
797 4441 834 4495 H.
872 4448 985 4495 ceterum
1013 4443 1047 4506 cf.
1075 4439 1234 4504 Hirschfeld
1264 4439 1339 4509 ‘pall
1366 4439 1459 4495 Stad’
1480 4441 1491 4494 I

207 4530 236 4577 p.
253 4515 285 4560 ⁶33
307 4508 432 4575 (liberter
451 4510 514 4563 Sita.
535 4512 599 4564 Ber.
619 4519 636 4564 t.
659 4516 709 4562 103
724 4530 753 4580 p.
770 4515 832 4571 ΜΗ)
855 4513 864 4581 ΙΙ
888 4516 929 4566 23.
956 4511 1108 4564 aduentum
1132 4527 1165 4564 eo
1191 4528 1274 4578 quem
1293 4511 1331 4564 Μ
1354 4513 1363 4579 ΙΙ
1392 4516 1436 4565 24.
1456 4511 1492 4566 ad

212 4597 254 4632 roe
275 4581 315 4645 M,
335 4599 384 4632 our.
407 4580 467 4633 HD
489 4584 498 4648 ΙΙ
522 4587 562 4634 26.
583 4581 673 4635 millia
695 4582 763 4650 MD,
784 4582 864 4636 milia
884 4584 916 4636 H
936 4586 945 4652 ll
969 4587 1009 4636 26.
1029 4598 1073 4635 me
1093 4582 1166 4648 HD,
1187 4597 1248 4635 ame
1268 4583 1304 4634 Μ
1324 4584 1333 4648 l
1356 4587 1400 4636 27.
1421 4582 1494 4637 nihil

212 4652 296 4718 fugae
317 4664 360 4716 leo
380 4653 476 4719 Irugae
496 4652 553 4721 Ml)
574 4653 647 4718 MD,
667 4653 733 4721 suge
752 4653 823 4706 nihil
844 4655 878 4706 H
892 4656 901 4722 ll
920 4661 961 4707 29.
982 4652 1165 4722 ferventibus]
1187 4656 1220 4719 cs.
1240 4654 1321 4723 Barq
1341 4653 1385 4707 ‘elo
1407 4654 1494 4709 Caelii

212 4739 270 4789 perr.
291 4724 354 4776 ‹lic'
374 4746 402 4791 p.
419 4727 452 4775 48
475 4724 484 4790 ΙΙ
508 4728 549 4776 30.
571 4723 652 4794 copia
672 4741 697 4792 s,
726 4730 737 4776 1
759 4726 810 4779 lr'tt.
831 4744 877 4792 ern,
895 4727 932 4779 M
951 4733 959 4788 l
983 4731 1024 4778 31.
1047 4728 1077 4777 ut
1096 4724 1222 4793 spacium
1241 4724 1278 4778 ad
1301 4723 1494 4795 colligendum

214 4810 244 4842 se
268 4794 307 4858 II,
332 4795 429 4846 addito
453 4800 541 4847 tornea
561 4813 620 4864 sup.
642 4794 767 4864 spacium
788 4803 851 4850 noto
872 4816 924 4866 qao
945 4799 973 4850 et
991 4797 1146 4866 significari
1170 4797 1290 4865 videtur,
1312 4799 1345 4849 ut
1368 4795 1494 4866 spatium
