3314 5460
174 354 262 408 XXVI
709 351 921 406 PRAEFATIO.

171 517 374 583 conformata
398 518 442 581 sit
465 540 505 582 ex
529 516 664 581 Medicei
690 516 765 581 libri
789 515 994 581 auctoritate.
1035 538 1094 580 uec
1118 515 1232 580 dubito
1257 516 1341 600 quin
1367 516 1452 581 idem

170 625 296 690 sensuri
320 625 387 689 sint
410 624 465 688 alii
497 624 551 708 qui
579 645 645 688 non
673 624 800 688 soleant
826 623 967 707 arripere
995 646 1079 687 nova
1107 627 1241 706 propter
1268 622 1452 687 novitatem

170 731 288 814 quique
312 736 496 797 accuratam
519 731 663 795 babeant
687 731 844 796 sermonis
868 730 1056 814 epistularis
1083 729 1245 794 notitiam.

260 861 296 904 ac
311 839 338 902 si
355 840 538 921 voluissem,
559 838 647 902 facili
662 860 761 922 opera
776 837 954 921 potuissem
970 835 1117 901 codicum
1132 837 1187 920 qui
1202 837 1236 900 in
1251 837 1346 902 libris
1360 837 1449 901 Ix-

169 943 247 1008 XVI
270 968 333 1010 non
359 947 446 1012 omni
471 969 509 1009 ex
533 949 626 1029 parte
650 945 811 1028 pendeant
834 967 872 1008 ex
896 944 943 1028 M,
975 965 1127 1027 maguum
1158 944 1313 1029 colligere
1342 967 1453 1010 nume·

169 1074 251 1116 rum.
301 1075 383 1136 quos
417 1054 544 1117 codices
577 1073 651 1116 cum
684 1049 788 1115 sciens
821 1051 1026 1135 prudensque
1056 1050 1234 1133 omiserim,
1267 1056 1381 1116 tamen
1413 1074 1454 1116 ne

170 1159 345 1236 omissione
370 1182 408 1224 ea
432 1160 541 1224 videar
565 1157 731 1223 consulere
757 1157 897 1221 voluisse
919 1156 1056 1224 Medicei
1079 1158 1203 1243 gloriae
1226 1163 1261 1222 et
1278 1157 1453 1223 detrahere

168 1266 207 1345 de
232 1264 260 1328 Y
285 1267 490 1348 auctoritate,
513 1265 594 1330 haec
617 1264 813 1329 subicienda.

260 1378 337 1437 sunt
359 1372 462 1458 igitur
486 1373 604 1438 indicia
625 1372 729 1436 multa
747 1394 829 1455 quae
848 1372 967 1436 ducant
986 1373 1026 1436 ad
1044 1374 1337 1437 contaminatzbnem
1354 1393 1454 1455 pisan

169 1482 255 1563 dum,
286 1502 350 1564 qua
378 1502 460 1545 saec.
479 1479 541 1544 XV
567 1480 654 1544 inter
682 1501 716 1543 se
745 1479 910 1544 commissi
939 1479 1005 1543 sint
1027 1479 1062 1543 M
1090 1480 1142 1544 vel
1170 1480 1279 1563 potius
1302 1478 1331 1543 P
1355 1484 1391 1544 et
1416 1478 1454 1543 Y.

170 1591 284 1650 extant
307 1588 392 1659 euim
417 1586 543 1652 codices
566 1587 651 1651 haud
676 1586 771 1670 pauci
794 1591 861 1649 tam
885 1586 1041 1650 librorum
1061 1585 1200 1650 I—XVI
1225 1608 1324 1670 quam
1343 1592 1455 1671 poste

170 1692 265 1756 rioris
298 1694 402 1776 partis
436 1695 551 1776 solius,
589 1694 622 1757 in
661 1693 780 1777 quibus
813 1692 888 1757 libri
912 1692 1084 1757 Ili-XVI
1118 1693 1276 1777 impressa
1307 1692 1454 1758 habeant

169 1799 266 1864 modo
290 1799 474 1865 certissima
497 1799 524 1863 P
546 1801 685 1885 vestigia
704 1800 800 1863 modo
819 1821 884 1863 non
905 1800 1011 1865 minus
1031 1805 1120 1865 certa
1138 1799 1168 1863 Y
1188 1799 1301 1865 classis
1322 1800 1455 1885 indicia,

169 1907 266 1991 idque
295 1911 365 1971 tam
393 1907 425 1970 in
455 1907 579 1973 lacunis
608 1930 705 1991 quam
734 1907 768 1970 in
796 1906 959 1990 scriptura
989 1907 1148 1972 universa.
1195 1907 1281 1991 quod
1309 1907 1454 1972 mixtum

170 2035 272 2099 genus
297 2037 369 2079 eum
396 2036 445 2079 me
469 2015 523 2079 diu
546 2014 689 2096 lusisset,
712 2013 953 2078 existimantem
978 2014 1103 2079 scilicet
1126 2014 1257 2078 tertiam
1282 2012 1341 2077 illo
1364 2014 1453 2079 effici

170 2121 203 2184 in
227 2122 247 2186 l.
267 2120 436 2185 lX-XVI
462 2122 608 2204 classem,
631 2121 792 2186 diversam
816 2144 886 2185 eam
911 2126 944 2185 et
968 2144 986 2184 a
1009 2120 1043 2185 M
1067 2125 1101 2184 et
1124 2144 1144 2185 a
1165 2121 1195 2185 Y
1218 2121 1356 2206 ideoque
1380 2143 1453 2206 gra-

168 2227 346 2311 vissimam,
368 2228 499 2292 tandem
519 2227 714 2311 deprehendi
734 2249 804 2291 eam
826 2249 923 2310 quam
942 2227 1008 2291 dixi
1028 2228 1347 2292 contaminationem.
1386 2250 1453 2311 qua

168 2334 335 2399 intellecta
365 2356 518 2417 quaerere
547 2333 676 2398 institui
705 2334 789 2416 quod
817 2332 847 2396 Y
876 2334 1004 2418 generis
1037 2334 1219 2418 exemplum
1251 2333 1318 2397 illio
1349 2333 1452 2398 fuerit

168 2440 361 2525 adhibitum,
384 2463 525 2506 unumne
549 2463 588 2505 ex
612 2441 658 2506 eis
679 2463 760 2524 quae
779 2445 955 2524 supersunt
972 2462 1014 2504 an
1033 2441 1185 2526 ignotum
1203 2439 1344 2524 aliquod.
1384 2463 1451 2525 quc

166 2549 201 2613 in
230 2549 377 2614 examine
405 2571 480 2613 mox
508 2549 616 2632 patuit
643 2549 681 2612 de
710 2547 886 2611 Harleiano
911 2548 998 2611 2682
1032 2547 1162 2630 quidem
1191 2545 1329 2632 cogitari
1358 2547 1451 2612 nullo

97 2731 100 2735 ,
168 2657 264 2720 modo
287 2678 397 2739 posse:
420 2656 541 2721 etenim
566 2659 599 2719 et
622 2654 796 2738 epistulam
815 2652 872 2734 IX,
893 2655 933 2718 18
959 2675 1040 2737 quae
1066 2658 1137 2717 tota
1161 2654 1250 2718 deest
1271 2654 1305 2717 in
1324 2653 1393 2736 illo,
1417 2658 1452 2718 et

168 2763 350 2846 singulares
374 2763 464 2827 locos
488 2762 620 2845 multos,
643 2762 677 2825 in
702 2760 820 2845 quibus
844 2760 899 2824 ille
922 2759 1096 2825 lacunosus
1120 2765 1180 2835 est,
1204 2761 1350 2846 integros
1375 2783 1451 2826 con·

168 2869 320 2933 taminati
344 2869 470 2933 codices
494 2868 626 2949 habent,
649 2868 850 2952 sicquidem
874 2873 911 2931 ut
933 2871 1063 2951 praeter
1086 2866 1120 2931 M
1144 2865 1327 2931 adhibitum
1352 2867 1396 2932 sit
1419 2868 1450 2932 Y

168 2994 280 3058 genus.
322 2971 492 3038 Cratandri
523 2978 632 3039 autem
656 2973 851 3057 ‘antiquum'
881 2974 974 3038 illum
1003 2996 1076 3038 cum
1107 2974 1160 3036 vix
1187 2974 1284 3038 liceat
1311 2973 1365 3038 hic
1393 2975 1449 3039 ad·

169 3101 300 3163 vocare,
323 3084 438 3163 utpote
464 3078 518 3163 qui
544 3079 643 3144 videri
668 3080 774 3170 possit
797 3102 860 3144 non
885 3086 954 3145 tam
977 3081 1141 3146 faciendae
1166 3081 1350 3145 inserriisse
1375 3103 1451 3146 con·

167 3186 376 3251 taminationi
401 3208 498 3270 quam
522 3191 614 3250 ortus
639 3186 708 3270 ipse
732 3208 771 3250 ex
790 3187 854 3250 iam
873 3187 969 3268 fricta,
992 3191 1096 3251 restat
1114 3186 1143 3250 is
1163 3186 1263 3250 codex
1282 3183 1343 3270 (Z)
1363 3189 1450 3253 unde

167 3293 385 3376 transcriptus
414 3297 464 3357 est
492 3293 661 3357 Palatinus
685 3293 749 3359 598
779 3290 846 3379 (D).
898 3316 961 3377 quo
990 3316 1027 3357 ex
1057 3293 1165 3358 codice
1196 3294 1223 3357 si
1253 3293 1326 3376 quis
1359 3294 1451 3359 dicat

168 3399 305 3464 dirersis
329 3399 531 3481 temporibus
563 3401 662 3464 luisse
691 3400 884 3495 derivatum*
899 3406 932 3465 et
955 3399 985 3464 D
1009 3406 1042 3465 et
1066 3401 1152 3464 aliud
1177 3399 1362 3484 exemplum
1382 3398 1448 3488 (E)

148 3507 229 3594 ,liar
257 3510 294 3570 nt
317 3504 346 3569 D
371 3506 564 3588 simpliciter
587 3507 873 3589 transcriberetur,
903 3506 931 3570 Ε
956 3529 1031 3572 vero
1056 3506 1254 3572 conficiendo
1279 3512 1450 3590 praeterea

168 3613 379 3678 adhiberetur
397 3611 533 3677 Medicei
552 3613 604 3694 49,
625 3616 642 3678 7
663 3614 887 3699 apographum
911 3615 1051 3698 aliquod,
1075 3636 1237 3698 porroque
1256 3615 1450 3699 progeniem

168 3720 206 3805 Ε,
229 3742 302 3785 cum
326 3720 395 3802 ipse
420 3741 547 3803 quoque
567 3720 849 3803 multiplicaretur,
872 3721 978 3784 varias
1001 3719 1140 3785 subiisse
1160 3720 1395 3806 corruptiones,
1421 3723 1450 3787 is

167 3849 232 3891 non
258 3832 347 3891 caret
371 3824 571 3909 argumentis
591 3826 710 3909 quibus
731 3849 800 3890 eam
822 3826 991 3891 defendere
1011 3826 1114 3910 possit
1134 3827 1327 3909 opinionem.
1370 3850 1449 3894 nam

168 3932 381 3998 contaminati
415 3931 463 3995 illi
496 3936 530 3995 et
561 3932 593 3995 iu
628 3933 735 3995 verbis
769 3934 873 3996 multa
905 3933 1027 3997 habent
1059 3954 1140 4017 quae
1173 3937 1279 3997 artam
1311 3955 1386 3998 cum
1417 3934 1449 4000 D

168 4039 396 4125 cognationem
428 4037 570 4102 indicare
604 4038 773 4102 videantur
802 4045 835 4104 et
864 4062 937 4105 cum
966 4040 1101 4104 confusa
1128 4040 1249 4104 fuerint
1278 4063 1316 4123 cx
1343 4039 1450 4105 Mauii

167 4145 357 4210 testimonio
377 4143 420 4232 (v.
435 4168 464 4228 p.
478 4142 590 4207 XXlII
604 4145 675 4208 adn.
694 4144 725 4225 1)
745 4146 778 4208 in
794 4145 816 4207 Z
836 4146 924 4228 folia,
944 4147 1007 4210 fuit
1025 4147 1177 4210 foliorum
1195 4146 1353 4230 quaedam
1374 4169 1450 4213 con-

168 4253 251 4317 susio
276 4253 376 4317 etiam
399 4252 433 4315 in
457 4251 751 4316 contaminatorum
776 4251 875 4316 fonte.
918 4255 1029 4317 obstat
1053 4255 1155 4317 altera
1180 4277 1218 4317 ex
1242 4257 1335 4336 parte
1359 4255 1448 4337 quod

168 4360 463 4424 contaminatorum
487 4358 634 4424 confusio
658 4358 786 4422 diversa
809 4362 859 4421 est
884 4383 899 4420 a
925 4358 969 4423 D:
999 4360 1122 4424 inillis
1146 4361 1233 4424 enim
1255 4359 1333 4424 libri
1356 4360 1449 4424 dum·

167 4468 260 4529 taxat
283 4467 372 4530 tertii
397 4466 512 4532 decimi
537 4464 695 4549 epistulae
720 4465 853 4529 confuso
876 4465 986 4530 ordine
1006 4488 1040 4530 se
1060 4467 1234 4551 excipiunt,
1258 4489 1330 4531 cum
1354 4473 1448 4532 recto

167 4575 299 4635 currant
330 4573 363 4636 in
391 4573 428 4638 D.
479 4596 575 4658 porro
609 4577 721 4637 extant
753 4575 785 4637 in
820 4573 1051 4637 contaminatis
1085 4597 1167 4657 quae
1199 4574 1316 4637 desunt
1348 4574 1382 4637 in
1417 4572 1447 4637 D
1480 4654 1483 4658 ι

167 4677 325 4760 epistulae
345 4677 383 4760 X,
406 4682 459 4763 183
483 4682 538 4764 103
562 4678 888 4764 20,1-3;X1‚29‚
917 4680 964 4745 ita
988 4681 1117 4764 quidem
1141 4702 1196 4744 eae
1221 4679 1448 4745 conformatae

167 4789 204 4848 ut
232 4782 393 4868 pelluceat
426 4791 553 4868 praeter
581 4787 762 4852 Mediceum
789 4784 828 4850 Y.
875 4792 1011 4871 possunt
1042 4787 1171 4870 quidem
1200 4810 1256 4852 eae
1284 4786 1447 4871 epistulae
