3286 5460
554 353 591 408 Μ.
610 351 716 407 TVLLI
736 349 925 406 CICERONIS

657 584 713 651 vr.
747 582 828 670 (si.)
1007 670 1010 681 .

374 747 418 813 n.
442 745 602 813 oroneo
626 746 657 811 s.
677 744 716 810 n.
734 743 865 810 spero
889 744 1109 812 elnonae.

69 929 79 974 1
190 911 271 976 Cum
300 931 408 974 meum
435 908 559 973 factum
587 928 661 972 cum
689 910 746 971 tuo
777 928 944 991 compare,
976 906 1040 971 etsi
1069 929 1136 971 non
1164 907 1271 993 magis
1303 906 1384 972 mihi

101 1018 194 1082 faveo
218 1018 251 1082 in
274 1020 388 1081 nostra
407 1013 552 1079 amicitia
571 1013 690 1077 tuenda
711 1035 810 1096 qnam
833 1013 904 1097 tibi,
928 1017 1038 1079 tamen
1057 1014 1162 1080 multo
1183 1014 1291 1100 magis
1312 1036 1384 1078 meo

100 1123 188 1189 facto
217 1124 360 1189 delector
387 1143 484 1206 quam
512 1124 578 1185 tuo.
620 1141 682 1205 ego
710 1119 797 1184 enim
820 1118 987 1184 Brundisii
1016 1120 1161 1204 quaesivi
1178 1143 1224 1186 ex
1247 1119 1385 1204 Phania,
1411 1151 1424 1188 r

102 1230 193 1295 cuius
213 1229 294 1294 mihi
309 1228 441 1293 videbar
460 1232 493 1292 et
511 1227 703 1292 fidelitatem
723 1247 803 1312 erga
822 1230 854 1291 te
874 1226 1077 1310 perspexisse
1096 1230 1130 1292 et
1147 1249 1245 1292 nosse
1263 1228 1385 1313 locum,

31 1340 34 1346 '
102 1359 198 1420 quem
231 1337 315 1419 apud
348 1340 380 1399 te
414 1335 442 1399 is
474 1338 614 1414 teneret,
654 1356 751 1417 quam
784 1334 819 1397 in
851 1337 978 1416 partem
1015 1332 1201 1418 provinciae
1241 1334 1384 1399 maxime

12 1424 18 1439 ’
102 1448 232 1527 putaret
256 1447 289 1507 te
312 1442 394 1506 velle
418 1445 455 1505 ut
477 1439 512 1504 in
535 1441 733 1505 succedendo
762 1440 903 1524 primum
931 1438 1087 1526 venirem3
1115 1463 1188 1505 cum
1216 1440 1271 1505 ille
1302 1440 1386 1506 mihi

102 1547 324 1632 respondisset
346 1547 427 1612 nihil
453 1570 503 1611 me
527 1547 590 1610 tibi
613 1547 739 1632 gratius
763 1547 868 1612 lacere
892 1568 1002 1632 posse,
1030 1570 1128 1631 quam
1151 1547 1180 1612 si
1203 1548 1244 1611 ad
1268 1545 1385 1613 Sidam

101 1655 315 1740 navigassem,
335 1655 397 1719 etsi
418 1654 524 1718 minus
544 1653 715 1738 dignitatis
733 1653 877 1718 habebat
895 1653 950 1719 ille
969 1654 1126 1719 adventus
1145 1659 1179 1719 et
1198 1653 1239 1718 ad
1257 1655 1384 1720 multas
1399 1684 1426 1724 ro

67 1782 153 1828 ares
178 1761 258 1825 mihi
281 1761 389 1825 minus
409 1764 479 1824 erat
502 1763 608 1844 aptus,
632 1764 741 1824 tamen
765 1760 812 1824 ita
834 1783 886 1825 me
910 1760 975 1825 dixi
999 1760 1262 1826 essenorum.
1295 1760 1385 1827 idem

102 1890 174 1954 ego,
197 1890 271 1933 cum
293 1867 327 1932 L.
348 1866 498 1932 Clodium
523 1865 682 1950 Corcyrae
709 1866 939 1952 convenissem,
961 1866 1127 1931 hominem
1150 1867 1198 1931 ita
1219 1866 1283 1931 tibi
1308 1890 1385 1934 con·

104 1975 259 2059 iunctum,
281 1977 318 2037 ut
343 1973 433 2057 mihi,
456 1995 529 2037 cum
553 1973 610 2036 illo
635 1995 708 2037 cum
732 1973 889 2059 loquerer,
912 1978 1019 2038 tecum
1043 1972 1134 2057 loqui
1156 1972 1293 2058 viderer,
1317 1973 1386 2039 dixi

103 2082 132 2146 ci
156 2104 207 2146 me
231 2080 278 2145 ita
301 2080 464 2144 facturum
484 2100 561 2158 esse,
586 2081 623 2143 ut
647 2079 680 2143 in
704 2101 775 2143 eam
800 2082 936 2163 partem,
960 2101 1058 2164 quarn
1077 2077 1203 2145 Phania
1221 2085 1387 2167 rogasset,

103 2189 244 2272 primum
273 2185 429 2271 venirem,
457 2189 535 2249 tunc
563 2185 631 2268 ille,
660 2185 740 2249 mihi
769 2208 841 2250 cam
870 2185 994 2271 gratias
1022 2186 1157 2273 egisset,
1184 2208 1386 2274 magnopere
1402 2215 1427 2255 rs

104 2318 123 2358 a
146 2317 197 2359 me
225 2292 355 2377 petivit,
382 2295 420 2356 ut
443 2290 637 2355 Laodiceam
660 2292 810 2374 protinus
837 2291 933 2378 irem,
960 2296 992 2356 te
1019 2292 1054 2356 in
1080 2292 1188 2377 prima
1214 2295 1388 2379 provincia

104 2401 186 2466 velle
219 2421 302 2483 esse,
334 2401 371 2462 ut
399 2419 497 2481 quam
524 2398 666 2482 primum
694 2398 876 2482 decederes,
908 2398 1000 2483 quin,
1031 2398 1096 2463 nisi
1124 2420 1185 2485 ego
1214 2421 1387 2467 successor

104 2529 218 2590 essem,
241 2527 337 2590 quem
356 2509 393 2568 tu
412 2525 545 2587 cuperes
564 2504 680 2587 videre,
703 2509 736 2568 te
755 2508 860 2589 antea,
884 2526 981 2588 quam
1000 2503 1062 2569 tibi
1082 2527 1267 2571 successum
1286 2512 1386 2593 esset,

104 2614 309 2679 decessurum
323 2611 425 2675 fuisse
443 2647 479 2657 —
498 2611 583 2695 quod
603 2611 732 2695 quidem
747 2615 818 2676 erat
832 2614 1083 2676 consentaneum
1103 2633 1176 2676 cum
1191 2612 1238 2677 eis
1252 2613 1386 2700 litteris,

104 2742 184 2805 quas
212 2741 273 2804 ego
301 2718 425 2783 Romae
454 2740 654 2802 acceperam,
687 2740 726 2782 cx
755 2717 872 2801 quibus
900 2717 1102 2802 perspexisse
1132 2718 1214 2783 mihi
1241 2718 1386 2805 videbar,
1400 2749 1427 2786 ao

105 2848 202 2911 quam
225 2824 397 2890 festinares
421 2824 573 2890 decedere
593 2850 649 2909 -3
672 2824 824 2908 respondi
845 2824 959 2890 Clodio
983 2848 1034 2890 mc
1058 2825 1106 2889 ita
1129 2847 1199 2891 esse
1218 2825 1384 2892 facturum

105 2955 142 2997 ac
170 2932 273 2996 multo
302 2929 431 3014 quidem
461 2930 632 3016 libentius,
662 2953 760 3014 quam
788 2931 816 2995 si
844 2931 925 2995 illud
954 2935 1042 2996 esset
1069 2911 1267 3017 faciendum,
1297 2934 1385 3018 quod

105 3039 318 3122 promiseram
341 3035 498 3101 Phaniae:
531 3037 641 3121 itaque
671 3042 704 3102 et
731 3038 903 3102 consilium
933 3036 1057 3102 mutavi
1085 3041 1118 3101 et
1141 3039 1180 3102 ad
1209 3042 1241 3103 te
1270 3040 1385 3104 statim

108 3168 178 3210 mea
205 3166 302 3209 manu
330 3144 469 3227 scriptas
497 3144 624 3207 litteras
654 3143 741 3227 misi,
774 3166 854 3228 quas
883 3144 1013 3228 quidem
1037 3166 1074 3208 ex
1098 3144 1164 3208 tuis
1193 3143 1315 3210 litteris
1340 3146 1386 3211 in·

71 3249 217 3315 atellexi
246 3249 325 3313 satis
356 3254 481 3313 mature
507 3250 546 3314 ad
571 3255 603 3314 te
628 3273 697 3315 esse
720 3251 872 3334 perlatas.
914 3251 976 3315 hoc
1000 3271 1060 3336 ego
1084 3273 1156 3315 mco
1180 3250 1268 3316 facto
1290 3253 1385 3318 valde
1400 3277 1426 3319 ss

60 3350 66 3363 '
106 3354 262 3439 delector,
290 3356 372 3419 nihil
396 3357 482 3420 enim
505 3357 615 3440 potuit
637 3357 708 3422 fieri
732 3357 908 3440 amantius,
937 3356 1104 3422 considera
1126 3380 1213 3423 nune
1241 3357 1387 3424 vicissim

106 3468 211 3526 tuum:
235 3485 299 3526 non
319 3463 415 3527 modo
434 3461 481 3526 ihi
499 3485 565 3527 non
584 3462 685 3547 suisti,
709 3464 764 3527 nbi
784 3486 835 3527 me
855 3462 1113 3547 quamprimum
1138 3464 1243 3530 videre
1263 3486 1388 3550 posses,

107 3570 161 3634 sed
186 3592 223 3632 eo
248 3569 438 3652 discessisti,
467 3592 532 3653 quo
556 3590 617 3655 ego
642 3575 674 3633 tc
698 3593 738 3634 ne
761 3571 912 3655 persequi
937 3570 1066 3654 quidem
1088 3593 1218 3655 possem
1246 3571 1389 3656 triginta

107 3675 233 3759 diebus,
266 3676 322 3759 qui
352 3674 414 3739 tibi
443 3676 482 3740 ad
511 3676 769 3760 <de>cedendum
797 3677 883 3762 lege,
911 3681 949 3741 ut
977 3677 1105 3761 opinor,
1134 3675 1285 3741 Cornelia
1312 3699 1389 3743 eon·

108 3781 215 3845 stituti
245 3787 366 3865 essent,
394 3786 431 3846 ut
460 3787 552 3846 tunm
581 3782 718 3866 factum,
747 3784 816 3868 qui,
847 3806 911 3868 quo
939 3783 1048 3847 animo
1077 3783 1162 3847 inter
1189 3804 1249 3847 nos
1274 3782 1388 3870 simus,
1402 3810 1429 3850 ao

57 3877 66 3893 ’
107 3888 272 3973 ignorent,
301 3889 398 3954 alieni
421 3889 577 3972 hominis,
605 3894 642 3953 ut
665 3888 827 3954 levissime
851 3890 970 3973 dicam,
998 3894 1031 3953 et
1054 3888 1211 3975 fugientis
1234 3910 1389 3975 congres-

72 4012 88 4058 4
108 4018 188 4079 sum,
207 4018 315 4060 meum
335 4018 410 4060 vero
429 3995 686 4061 coniunctissimi
705 4001 739 4060 et
758 3997 948 4061 amicissimi
968 4019 1037 4061 esse
1058 3996 1213 4062 videatur.
1248 4018 1286 4061 ac
1306 3998 1390 4063 mihi

109 4107 231 4187 tamen,
259 4106 333 4166 ante
358 4125 454 4185 quam
478 4102 512 4166 in
535 4103 735 4186 provinciam
759 4104 846 4186 veni,
873 4104 1017 4168 redditae
1049 4107 1125 4167 sunt
1149 4127 1168 4168 a
1190 4108 1222 4168 te
1246 4103 1390 4190 litterae,

196 4301 219 4347 5.
239 4293 365 4362 phannia
385 4294 439 4348 GR
457 4296 466 4363 11
486 4301 509 4348 8.
529 4294 598 4348 mihi
618 4314 666 4349 orii.
688 4297 715 4350 Il
734 4299 743 4364 11
765 4302 805 4349 11,
826 4295 885 4348 dixi
905 4313 965 4349 rasse
986 4297 1049 4363 GR,
1069 4294 1173 4350 dixisse
1193 4296 1230 4349 M
1248 4297 1257 4363 11
1282 4301 1324 4350 12.
1344 4298 1390 4369 h]

109 4363 244 4417 lentulum
263 4367 289 4418 Ω
303 4367 312 4433 11
328 4371 368 4419 14.
388 4364 430 4418 ita
448 4382 492 4419 me
512 4368 537 4420 G
552 4370 560 4433 11
575 4366 700 4434 phannia
720 4368 774 4422 (r'R
788 4370 797 4434 11
813 4373 852 4420 15.
872 4383 975 4435 magno
995 4384 1077 4436 opere
1097 4384 1113 4425 ς
1133 4369 1142 4435 11
1164 4373 1202 4420 16.
1222 4366 1391 4423 laodoceam

108 4436 153 4501 M,
173 4434 325 4488 laodiciam
345 4438 383 4503 (ἶ,
406 4434 564 4489 laudiceam
584 4439 611 4492 R
630 4442 638 4503 11
658 4443 699 4492 17.
724 4437 872 4492 decederes
893 4440 932 4504 G,
956 4439 1074 4492 decedes
1094 4440 1139 4504 M,
1164 4437 1323 4492 discederes
1343 4440 1391 4505 132:

110 4512 149 4558 ltl.
171 4506 356 4559 discessurum
378 4508 402 4562 G
417 4511 426 4577 1
440 4506 493 4577 eis]
513 4507 557 4561 his
571 4511 606 4575 a,
625 4508 660 4560 iis
676 4512 770 4577 ς112·2.
786 4527 872 4577 quam
891 4509 914 4561 si
933 4509 1004 4563 illud
1024 4527 1073 4564 cuc
1091 4510 1145 4563 GR
1159 4510 1168 4577 l
1182 4514 1223 4563 23.
1244 4509 1390 4578 phanniae

110 4577 163 4630 GR
178 4581 243 4645 1124.
262 4596 347 4631 manu
365 4597 399 4633 ea·
417 4596 516 4631 suanus
536 4581 593 4645 Mc,
611 4587 643 4634 nt
661 4582 716 4634 eal.
735 4583 805 4647 1128.
826 4581 875 4634 scd
895 4582 960 4648 GR,
980 4581 1023 4633 sid
1042 4583 1079 4634 ,ll
1089 4582 1098 4646 11
1120 4586 1161 4635 29.
1182 4580 1390 4652 decedendum]

109 4647 262 4700 vellendum
282 4651 308 4700 a
326 4653 335 4716 11
354 4656 395 4703 30.
415 4649 493 4721 (iis)
511 4649 557 4717 qui
581 4651 665 4704 Orelli
682 4653 692 4718 11
713 4657 754 4705 31.
774 4651 906 4720 ignorant
925 4655 976 4706 alii
994 4656 1003 4720 11
1022 4651 1142 4704 hominis
1160 4669 1195 4705 ex
1213 4667 1254 4704 -es
1273 4651 1334 4719 M1,
1358 4660 1391 4708 at

109 4719 162 4770 rid.
178 4721 187 4784 11
201 4717 360 4843 levissime}
374 4720 515 4774 lenissime
535 4722 594 4774 alii.
614 4728 643 4775 at
661 4723 696 4787 cf'.
711 4722 815 4776 Mrtller
835 4723 889 4778 Cic.
908 4741 950 4792 op.
966 4723 1012 4791 IV,
1030 4730 1041 4775 l
1063 4725 1100 4777 cd
1116 4742 1144 4794 p.
1161 4727 1233 4789 lae
1252 4725 1261 4791 11
1282 4728 1325 4779 32.
1345 4724 1390 4777 ui-

110 4787 211 4841 deatur
231 4790 293 4856 GR,
312 4790 341 4843 ui
362 4790 462 4844 ebatur
480 4793 514 4845 M
527 4795 536 4860 11
551 4808 583 4843 ac
601 4809 651 4845 orn.
671 4791 699 4847 R
