3314 5460
593 409 988 468 EPISTVLARVMXV.14.
1010 418 1051 467 15.
1073 416 1113 468 16.
1427 412 1493 478 419

219 600 313 663 quern
343 578 445 642 istum
472 575 673 642 Pharnacem
703 578 800 641 Asiae
833 583 990 642 terrorem
1023 578 1203 642 inlaturum
1230 579 1385 662 putaret?
1435 598 1529 644 noso

218 690 327 750 tamen
349 685 384 748 in
407 683 542 749 consilio
566 685 636 768 pari
661 706 738 748 casu
761 684 913 749 dissimili
938 686 987 749 usi
1013 707 1138 750 sumus:
1161 689 1197 748 tu
1222 685 1308 749 enim
1332 707 1403 749 eam
1424 707 1495 769 par·

217 797 283 856 tem
307 791 430 876 petisti,
447 796 485 855 ut
508 794 541 855 et
565 791 710 855 consiliis
734 791 908 856 interesses
932 797 975 875 et,
998 792 1084 878 quod
1108 792 1247 855 maxime
1268 813 1378 856 curam
1397 791 1495 874 levat,

212 898 327 962 futura
350 899 459 962 animo
483 897 667 982 prospicere
690 919 817 981 posses;
841 920 918 984 ego,
942 899 997 982 qui
1021 897 1183 982 festinavi,
1207 903 1243 962 ut
1267 896 1439 962 Caesarem
1460 899 1495 961 in

126 1028 166 1065 5
211 1004 313 1069 Italia
331 1005 473 1069 viderem
488 1042 529 1050 -
545 1005 592 1070 sic
610 1006 697 1069 enim
712 1005 953 1070 arbitrabamur
966 1027 1162 1089 -eumque
1177 1004 1290 1068 multis
1306 1005 1495 1069 honestissi-

212 1112 278 1176 mis
305 1112 385 1176 viris
417 1112 617 1176 conservatis
648 1111 836 1177 redeuntem
864 1113 904 1177 ad
932 1134 1046 1196 pacem
1070 1109 1295 1196 ‘currentem',
1328 1116 1365 1175 ut
1392 1112 1494 1194 aiunt,

210 1218 428 1299 ‘incitarem’,
456 1219 496 1282 ab
526 1217 583 1282 illo
611 1217 801 1303 longissime
826 1224 859 1282 et
883 1219 997 1283 absum
1021 1223 1054 1283 et
1077 1217 1152 1282 afui.
1193 1240 1305 1282 versor
1328 1221 1436 1282 autem
1460 1218 1494 1282 in

206 1327 341 1412 gemitu
364 1325 479 1389 ltaliae
507 1329 541 1389 et
564 1325 598 1388 in
621 1324 712 1389 urbis
737 1326 927 1390 miserrimis
953 1326 1108 1408 querelis,
1133 1325 1250 1408 quibus
1275 1324 1397 1409 aliquid
1421 1325 1493 1408 opis

201 1434 355 1498 fortasse
389 1454 450 1518 ego
483 1454 542 1516 pro
576 1453 660 1514 mea,
693 1435 729 1494 tu
757 1454 816 1515 pro
845 1436 917 1516 tua,
947 1455 1007 1516 pro
1037 1454 1095 1495 sua
1124 1431 1260 1515 quisque
1288 1435 1381 1515 parte
1409 1430 1493 1495 ferre

124 1559 153 1595 J»
200 1541 391 1625 potuisset,
419 1539 448 1603 si
476 1543 590 1604 auctor
617 1538 783 1603 adfuisset.
830 1560 928 1621 quare
952 1539 1049 1603 velim
1074 1560 1131 1622 pro
1156 1541 1214 1602 tua
1236 1543 1394 1621 perpetua
1417 1556 1529 1621 orgae

209 1671 265 1711 me
290 1646 519 1711 benevolentia
542 1645 665 1711 scribas
690 1646 729 1709 ad
754 1667 814 1728 me,
838 1646 915 1729 quid
940 1645 1064 1730 videas,
1088 1645 1164 1730 quid
1189 1645 1321 1728 sentias,
1344 1643 1420 1727 quid
1444 1665 1494 1706 ex-

204 1753 436 1838 spectandum,
459 1753 535 1835 quid
560 1753 720 1837 agendum
744 1752 839 1816 nobis
859 1753 1034 1818 existimes.
1075 1752 1186 1837 magni
1205 1756 1300 1816 erunt
1320 1750 1400 1814 mihi
1419 1755 1494 1814 tuae

204 1862 354 1942 litterae,
378 1865 475 1943 atque
496 1860 621 1923 utinam
640 1859 755 1943 primis
775 1859 852 1942 illis,
876 1881 956 1943 quas
975 1859 1112 1924 Luceria
1132 1860 1276 1942 miseras,
1299 1844 1502 1942 paruisseml

199 1968 283 2032 sine
307 1967 375 2031 ulla
398 1966 484 2030 enim
509 1965 660 2030 molestia
683 1966 879 2051 dignitatem
903 1989 1009 2031 meam
1034 1965 1249 2030 retinuissem.

736 2233 825 2298 xvi.
862 2231 966 2320 (aaa.)
1125 2325 1128 2331 .

556 2375 596 2440 n
621 2374 781 2441 oroneo
808 2375 838 2441 s.
863 2376 901 2441 u.
926 2374 961 2441 o.
986 2374 1149 2442 cassio

301 2519 387 2583 Puto
415 2523 448 2582 te
476 2519 542 2582 iam
572 2519 768 2602 suppudere,
796 2541 893 2602 quem
921 2520 1001 2584 haec
1029 2522 1127 2584 tertia
1155 2511 1228 2585 iam'
1248 2520 1390 2605 epistula
1418 2525 1493 2584 anto
1516 2539 1528 2586 1

188 2627 389 2711 oppressit,
418 2647 516 2709 quam
541 2628 577 2688 tu
601 2625 724 2688 scidam
748 2628 804 2688 aut
828 2624 988 2709 litteram,
1016 2626 1162 2691 sednon
1185 2649 1299 2712 urgeo,
1328 2627 1493 2712 longiores

185 2734 298 2798 enim
327 2732 507 2816 expectabo
536 2731 587 2796 vel
616 2732 726 2814 potius
756 2732 893 2817 exigam.
940 2739 1016 2818 e'go,
1045 2733 1072 2797 si
1096 2756 1223 2817 semper
1247 2735 1413 2818 haberem,
1442 2733 1494 2796 cui

124 2858 138 2888 s
188 2841 338 2922 darem,
370 2839 420 2903 vel
452 2843 562 2902 ternas
591 2838 625 2901 in
653 2837 734 2901 hora
762 2838 885 2922 darem3
919 2841 957 2902 fit
986 2840 1073 2904 enim
1099 2840 1208 2905 nescio
1234 2841 1303 2924 qui,
1335 2845 1372 2906 ut
1400 2841 1495 2924 quasi

188 2969 322 3012 eoram
356 2947 468 3010 adesse
503 2945 643 3021 videare,
677 2966 750 3008 cum
784 2945 891 3010 scribo
925 2945 1047 3029 aliquid
1080 2947 1120 3010 ad
1150 2951 1197 3031 te,
1228 2969 1332 3031 neque
1360 2947 1392 3011 id
1420 2943 1492 3010 κατ’

189 3055 361 3117 εἰδώλων
389 3055 587 3136 φαντασίας,
621 3055 658 3114 ut
691 3051 803 3115 dicunt
836 3052 885 3115 tui
916 3053 1013 3117 amici
1041 3053 1131 3136 novi,
1164 3052 1220 3136 qui
1248 3057 1367 3136 putant
1395 3053 1494 3117 etiam

186 3159 423 3241 θιανοητικὰς
442 3160 628 3242 φαντασίας
647 3159 785 3241 spectris
800 3155 946 3223 Catianis
961 3159 1097 3224 excitari
1112 3195 1157 3205 —
1169 3181 1255 3243 nam,
1275 3182 1315 3223 ne
1330 3163 1362 3223 te
1377 3159 1493 3244 fugiat,

195 3263 329 3331 (latius
352 3264 503 3348 Insuber,
530 3263 718 3347 Epicurius,
746 3265 801 3349 qui
830 3287 933 3349 nuper
961 3270 1012 3330 est
1040 3271 1203 3350 mortuus,
1232 3288 1315 3350 quae
1337 3265 1393 3329 ille
1417 3264 1495 3329 Gar-

124 3383 151 3421 ⁵
199 3373 340 3459 gettius
363 3376 396 3435 et
419 3371 484 3434 iam
509 3374 584 3434 ante
608 3368 815 3434 Democritus
839 3371 974 3455 εἴδωλα,
1003 3373 1057 3437 hic
1080 3371 1243 3457 ‘spectra'
1266 3373 1414 3438 nominat
1438 3398 1493 3455 --3

184 3479 301 3564 †his
329 3483 439 3543 autem
467 3477 603 3562 spectris
632 3476 761 3541 etiamsi
790 3478 875 3542 oculi
903 3484 1039 3563 possent
1066 3480 1171 3564 feriri,
1200 3480 1284 3562 quod
1313 3480 1393 3543 velis
1421 3478 1527 3562 ipsas

188 3590 356 3669 currunt,
379 3585 506 3649 animus
532 3585 587 3668 qui
611 3572 726 3668 p'ossit,
749 3605 810 3670 ego
834 3607 899 3649 non
923 3585 1032 3650 video:
1056 3586 1172 3652 doceas
1192 3591 1229 3650 tu
1248 3609 1298 3650 me
1319 3586 1492 3670 oportebit,
1591 3583 1595 3590 ’

202 3720 427 3729 ψ-,ῇ-

303 3803 326 3850 1,
345 3798 459 3865 putaret
477 3797 553 3863 MD,
577 3802 602 3849 et
617 3795 650 3849 Η
665 3797 711 3850 sed
730 3798 758 3849 et
776 3812 845 3849 corr.
861 3815 878 3848 α
896 3814 929 3849 m.
947 3802 971 3863 1,
990 3797 1099 3864 putaris
1120 3797 1149 3849 1³
1170 3800 1179 3866 ΙΙ
1202 3804 1226 3851 2,
1247 3803 1270 3848 3.
1290 3813 1353 3850 eam
1371 3812 1429 3850 rem
1448 3813 1493 3866 pe·

188 3867 272 3923 tissi
289 3870 339 3935 1¹¹1}
353 3872 377 3921 3.
397 3867 470 3920 inter
485 3883 546 3920 asse
561 3866 611 3919 sed
625 3867 662 3920 Μ
672 3870 681 3936 ss
695 3873 719 3920 4.
740 3865 788 3934 qui
807 3865 942 3920 festinaui
960 3867 1009 3935 qui
1028 3885 1049 3921 c.
1067 3868 1101 3921 Η
1111 3871 1120 3936 ss
1135 3874 1158 3922 5.
1179 3867 1400 3938 arbitrabamur]
1420 3868 1493 3921 arbi·

193 3938 320 3994 tramur
337 3938 396 3992 ¹151?
407 3941 417 4007 ΙΙ
431 3944 455 3991 6.
471 3938 638 4008 currentem]
654 3939 688 4004 cf.
707 3938 768 3991 Otto
781 3937 925 4005 ‘Spricbrc
941 3940 966 3993 d.
978 3939 1025 3993 R)
1038 3958 1066 4007 p.
1084 3944 1134 3991 102
1149 3942 1158 4007 ΙΙ
1174 3944 1196 3993 7.
1212 3938 1272 3992 afui
1284 3942 1320 4007 Ψ,
1335 3939 1433 4008 aufugi
1447 3940 1477 3992 F
1487 3940 1495 4010 r}

198 4016 254 4067 10.
276 4010 386 4080 auctor]
407 4011 485 4062 actor
506 3998 592 4076 ΨΗΗ
612 4015 652 4062 11.
673 4007 771 4062 scribis
792 4008 855 4062 FH
858 4007 865 4042 ¹
879 4010 888 4078 ΙΙ
909 4015 949 4063 14.
969 4009 1182 4063 retinuissemus
1203 4010 1288 4079 ΗΗΙῙ
1311 4015 1352 4064 17.
1367 4009 1424 4063 iam
1444 4012 1494 4065 del.

198 4083 328 4137 Ermati
341 4088 350 4147 ΙΙ
364 4097 448 4149 quem
466 4081 491 4134 Ι.
508 4079 544 4133 F.
562 4081 725 4147 Grorcooias,
747 4096 809 4132 cum
826 4080 887 4133 ²1¹F
898 4083 907 4149 11
921 4081 973 4134 hec
991 4084 1020 4134 te
1037 4081 1123 4135 tertia
1141 4081 1178 4135 D.
1217 4085 1244 4134 te
1261 4089 1324 4151 post
1343 4084 1409 4135 ante
1428 4083 1494 4137 add.

198 4155 264 4208 alii
286 4159 393 4207 servato
416 4152 518 4206 scilicet
541 4167 605 4204 cum
632 4155 642 4220 11
671 4158 712 4205 18.
737 4151 878 4221 oppressit
903 4153 973 4220 FH,
999 4153 1091 4221 operis
1116 4151 1155 4206 sit
1178 4153 1223 4220 M,
1249 4152 1419 4222 oppresserit
1444 4153 1474 4207 D
1487 4156 1496 4223 ,i

199 4224 322 4280 scidam
340 4224 382 4291 M,
402 4222 515 4276 scedam
535 4222 565 4290 (d
584 4240 652 4277 corr.
673 4222 727 4291 11¹)
749 4223 815 4289 FH,
835 4222 965 4276 cedulam
980 4225 1010 4277 D
1024 4227 1033 4293 ΙΙ
1047 4225 1096 4278 sed
1115 4242 1171 4277 non
1188 4256 1218 4262 —
1237 4230 1276 4278 19,
1292 4223 1404 4292 exigam
1417 4225 1497 4279 habet

202 4297 325 4350 Nonius
335 4312 364 4363 p.
380 4298 431 4346 291
448 4293 542 4361 Mero,
560 4300 579 4347 t.
599 4294 651 4363 lp.
667 4300 719 4347 458
735 4295 850 4348 Mrilleri
868 4297 917 4362 qui
935 4302 1003 4350 recte
1018 4303 1081 4376 post
1101 4296 1212 4364 erigam
1232 4296 1359 4349 lucanam
1376 4298 1496 4350 notovit:

204 4368 326 4422 aliunde
340 4367 412 4420 euim
426 4382 494 4435 quoe
509 4366 568 4419 illic
583 4372 711 4419 coemeter
725 4366 865 4433 desmuptc
881 4368 890 4434 ll
904 4364 1039 4434 longioris
1049 4367 1087 4420 M
1097 4369 1106 4433 ΙΙ
1121 4373 1162 4420 19.
1178 4366 1345 4436 expectabo]
1362 4367 1495 4434 spectabo

207 4437 365 4494 ³11FNoa.
386 4439 395 4507 Ι]
409 4436 513 4491 habere
533 4437 568 4489 M
584 4441 592 4505 ll
607 4442 649 4491 20.
669 4435 730 4506 qui]
749 4435 818 4503 quid
839 4438 900 4490 atn'
920 4440 928 4505 Η
948 4443 989 4492 21.
1009 4443 1051 4491 22.
1072 4435 1135 4490 κατ’
1158 4437 1290 4507 εἰδώλων]
1310 4439 1446 4491 narsidem
1464 4441 1497 4490 *in

209 4511 357 4581 orolaetypo
379 4510 465 4575 fuisse
487 4510 602 4563 videtur.
641 4515 757 4562 ceteram
778 4509 812 4574 cf.
833 4509 948 4576 Epicu-r.
965 4527 994 4577 p.
1015 4514 1066 4560 220
1091 4509 1134 4564 Us.
1154 4511 1163 4577 ΙΙ
1184 4513 1225 4562 23,
1246 4509 1439 4575 διανοηιτκιας
1453 4509 1496 4576 M,

209 4585 278 4637 aliis
295 4581 384 4635 modis
403 4580 493 4633 FHD
512 4581 634 4647 corrupti
652 4580 661 4647 ll
680 4576 797 4646 spectris
817 4579 893 4647 MD,
914 4579 1047 4648 spectetis
1068 4579 1130 4633 ΡΗ
1146 4582 1154 4646 ΙΙ
1173 4585 1215 4632 24.
1235 4578 1364 4648 Insuber]
1383 4578 1446 4631 insu
1467 4597 1497 4632 er

212 4653 273 4707 ΨΗ
285 4654 295 4721 ΙΙ
309 4649 466 4721 epicureius
487 4649 553 4703 oF.
584 4649 776 4717 Ἐπικούρειος
794 4652 966 4704 scribendum
984 4653 1093 4705 videtur
1106 4653 1115 4718 ΙΙ
1130 4656 1171 4704 24.
1192 4655 1233 4703 26.
1250 4648 1412 4718 gargectius
1458 4650 1496 4719 H,

213 4741 263 4794 gar
284 4722 358 4776 etius
373 4722 481 4790 Dl125.
497 4724 527 4774 et
540 4721 610 4791 iam]
626 4720 713 4775 etiam
733 4719 791 4773 ΨΗ
802 4723 812 4789 ll
826 4721 953 4774 nominat
968 4722 1008 4789 M,
1024 4721 1185 4775 nominatus
1196 4720 1286 4775 ΕΗΒ
1299 4723 1308 4789 ΙΙ
1322 4726 1364 4775 26.
1379 4724 1496 4790 possent

130 4850 135 4863 ,
215 4795 250 4848 M
278 4795 317 4861 H,
336 4792 448 4863 possint
465 4793 502 4847 D.
539 4796 658 4862 possunt
682 4793 841 4863 Wesenberg
855 4795 864 4862 ΙΙ
878 4798 919 4847 26.
940 4798 982 4847 27.
1002 4793 1078 4861 quod
1097 4792 1168 4846 uelis
1187 4791 1251 4862 ipsa
1270 4795 1385 4846 currunt
1403 4793 1449 4859 M,
1471 4800 1496 4847 ct

152 4880 158 4895 ·
213 4868 252 4927 sic
273 4864 364 4921 FHD
387 4867 444 4919 uisi
466 4866 538 4934 quod
555 4864 709 4918 incurrunt.
748 4863 836 4932 quod,
856 4862 962 4936 (cum)
981 4864 1066 4933 velis,
1093 4864 1156 4934 ipsa
1174 4863 1320 4918 incurrunt
1337 4866 1498 4934 (accununt

1227 4952 1282 5011 er*
