3314 5460
221 368 285 433 376
673 368 710 422 Μ.
730 366 837 420 TVLLI
855 365 1043 421 CICERONIS

220 531 406 596 carissimus
430 535 494 613 est,
523 530 567 595 M.
586 530 755 596 Laenium:
783 530 817 596 id
839 530 878 594 fit
901 551 974 594 cum
997 528 1146 613 plurimis
1170 530 1239 594 eius
1268 528 1401 613 officiis,
1430 533 1503 594 tum

221 661 348 703 summa
371 638 536 722 probitate
560 641 593 702 et
613 636 772 724 singulari
791 637 959 702 modestia
1000 659 1074 701 eum
1093 657 1154 722 ego
1174 658 1194 700 a
1213 658 1264 700 me
1282 636 1503 701 invitissimus

221 744 329 809 dimisi
352 766 426 810 cum
448 749 583 829 propter
605 744 864 809 familiaritatem
885 747 918 808 et
938 743 1180 808 consuetudinis
1200 743 1407 826 suavitatem,
1432 747 1504 808 tum

186 851 308 935 aquod
332 850 467 915 oonsilio
492 850 560 915 eius
583 851 671 915 fideli
695 873 732 916 ac
759 850 845 915 bono
873 850 1025 915 lubenter
1055 850 1179 915 utebar.
1221 849 1277 914 sed
1304 871 1434 932 vereor,
1462 872 1504 915 ne

221 958 287 1023 iam
311 979 477 1040 superesse
501 957 582 1022 mihi
606 958 705 1023 verba
727 962 832 1041 putes,
856 979 937 1041 quae
957 957 1101 1021 dixeram
1120 955 1285 1021 defutura:
1309 958 1503 1022 commendo
1530 979 1544 1020 a

222 1064 283 1128 tibi
316 1064 482 1129 hominem
515 1065 575 1143 sic,
608 1069 645 1129 ut
677 1063 842 1148 intellegis
875 1085 941 1146 me,
973 1064 1071 1148 †quo
1103 1084 1142 1128 oa
1174 1085 1272 1148 supra
1305 1061 1506 1148 scripserim,

222 1171 338 1236 debere
362 1171 596 1256 commendare,
620 1194 639 1236 a
662 1174 758 1253 teque
781 1173 947 1234 vementer
970 1169 1070 1234 etiam
1094 1174 1192 1254 atque
1216 1170 1315 1235 etiam
1337 1174 1436 1256 peto,
1457 1174 1506 1252 ut,

223 1278 308 1362 qnod
331 1277 432 1342 habet
454 1277 490 1341 in
513 1282 571 1342 tua
592 1277 760 1363 provincia
782 1276 921 1361 negotii,
944 1277 1110 1361 expedias,
1133 1278 1219 1361 quod
1248 1277 1309 1341 tibi
1338 1275 1507 1341 videbitur

223 1387 349 1448 rectum
380 1404 470 1468 esse,¹
503 1383 567 1468 ipsi
599 1384 696 1448 dicas.
745 1383 910 1448 hominem
943 1383 1135 1448 facillimum
1171 1383 1506 1466 liberalissimumque

224 1511 414 1575 cognoscem
442 1490 552 1574 itaque
577 1495 610 1555 te
634 1512 728 1575 rogo,
755 1480 792 1554 ut
815 1512 890 1554 eum
913 1491 1057 1555 solutum
1088 1490 1228 1555 liberum
1250 1489 1410 1555 confectis
1436 1490 1507 1554 eius
1522 1515 1548 1554 ιο

223 1596 365 1681 negotiis
388 1618 447 1680 per
475 1601 508 1661 tc
531 1619 630 1680 quam
657 1596 800 1680 primum
828 1596 868 1661 ad
899 1618 950 1660 me
978 1596 1141 1661 remittas:
1173 1596 1206 1661 id
1233 1596 1315 1661 mihi
1341 1595 1508 1680 fratrique

224 1724 297 1767 meo
321 1703 546 1789 gratissimum
570 1703 693 1768 feceris.
1462 1722 1504 1774 0

738 1842 855 1908 axrv.
890 1842 993 1929 (110.)

494 1983 537 2049 m.
558 1982 718 2050 cronno
743 1983 773 2050 a.
797 1984 835 2050 n.
859 1984 895 2051 P.
919 1983 1033 2050 suro
1057 1984 1143 2051 pao
1169 1985 1233 2049 Pa.

191 2147 205 2194 1
314 2126 402 2193 Nero
436 2150 527 2193 meus
560 2127 714 2193 mirificas
747 2129 832 2212 apud
860 2150 911 2192 me
939 2127 1000 2192 tibi
1029 2128 1152 2213 gratias
1182 2128 1263 2214 egit,
1294 2151 1433 2212 prorsus
1461 2130 1547 2195 in·1r

226 2235 399 2318 credibilis,
423 2238 460 2298 ut
482 2234 610 2298 nullum
632 2234 789 2299 honorem
813 2235 876 2298 sibi
899 2234 1013 2298 haberi
1036 2235 1182 2320 potuisse
1202 2235 1331 2319 diceret,
1355 2236 1415 2319 qui
1436 2241 1508 2302 ate

225 2341 475 2426 praetermissus
509 2345 603 2405 esset.
654 2362 808 2426 magnum
840 2341 982 2406 fructum
1015 2363 1054 2405 ex
1084 2342 1156 2425 ipso
1184 2342 1305 2425 capies,
1337 2342 1424 2406 nihil
1457 2348 1509 2407 est

227 2448 313 2512 enim
329 2447 388 2512 illo
409 2447 613 2512 adulescente
634 2448 777 2533 gratius,
796 2449 852 2512 sed
871 2448 1012 2512 mercule
1031 2448 1111 2512 mibi
1131 2470 1258 2532 quoque
1278 2449 1508 2533 gratissimum

226 2554 347 2637 fecisti,
377 2554 480 2638 pluris
504 2555 592 2619 euim
615 2576 654 2619 ex
678 2555 767 2619 omni
789 2554 963 2619 nobilitate
991 2555 1153 2620 neminem
1180 2554 1273 2619 facio.
1320 2555 1447 2639 itaque,
1481 2556 1508 2619 si

227 2683 265 2725 ea
287 2660 418 2743 feceris,
450 2683 531 2745 quae
555 2661 610 2725 ille
638 2683 696 2745 per
724 2683 774 2725 me
803 2665 911 2726 tecum
939 2661 994 2746 agi
1021 2661 1137 2745 voluit,
1170 2661 1398 2746 gratissimum
1426 2660 1546 2726 mihin

228 2767 354 2833 feceris:
378 2768 519 2852 primum
542 2769 580 2831 de
600 2766 761 2832 Pausania
778 2766 1008 2850 Alabandensi,
1032 2772 1195 2833 sustentes
1218 2789 1296 2850 rem,
1320 2769 1399 2832 dum
1419 2765 1508 2833 Nero

227 2875 337 2940 veniat
359 2911 404 2920 -
425 2878 592 2938 vementer
621 2873 690 2938 eius
724 2895 821 2938 causa
854 2894 968 2957 cupere
1001 2896 1074 2939 eum
1107 2873 1267 2958 intellexi3
1299 2875 1413 2958 itaque
1444 2875 1508 2941 hoc

227 2980 320 3045 valde
344 2983 377 3043 te
401 3000 482 3064 rogo
503 3005 559 3064 -3
587 2980 700 3044 deinde
723 2977 886 3064 Nysaeos,
913 3001 995 3064 quos
1019 2979 1106 3046 Nero
1134 2981 1306 3064 inprimis
1329 2981 1509 3047 habetne

229 3084 386 3149 cessarios
410 3084 723 3170 diligentissimeque
745 3089 857 3151 tuetur
880 3108 917 3150 ac
941 3087 1091 3170 defendit,
1115 3087 1235 3153 habeas
1260 3086 1322 3151 tibi
1345 3110 1509 3154 commen·

228 3189 433 3270 datissimos,
469 3197 507 3255 ut
538 3193 709 3277 intellegat
745 3192 802 3256 illa
834 3192 949 3257 civitas
982 3193 1046 3257 sibi
1078 3194 1112 3257 in
1144 3192 1284 3259 Neronis
1321 3196 1506 3277 patrocinio
1520 3217 1544 3258 a

229 3319 391 3362 summum
419 3319 489 3361 esse
516 3298 723 3380 praesidium.
771 3298 965 3364 Strabonem
994 3299 1166 3365 Servilium
1198 3299 1260 3364 tibi
1293 3287 1401 3385 saepe'
1424 3324 1507 3366 com-

230 3404 391 3488 mendavi,
428 3426 513 3469 nunc
546 3427 584 3469 eo
616 3404 700 3470 facio
733 3406 766 3470 id
800 3405 994 3490 impensius,
1032 3406 1117 3490 quod
1150 3406 1219 3470 cius
1252 3429 1386 3473 oausam
1419 3406 1507 3473 Nero

229 3509 380 3595 suscepit
425 3513 554 3574 tantum
582 3534 601 3575 a
629 3516 661 3576 te
688 3512 844 3598 petimus,
876 3516 913 3576 ut
941 3533 1020 3598 agas
1051 3535 1123 3576 eam
1154 3535 1236 3597 rem,
1266 3536 1306 3578 ne
1339 3514 1507 3598 relinquas

229 3616 394 3683 hominem
417 3615 622 3682 innocentem
646 3619 686 3683 ad
710 3618 847 3683 alicuius
875 3619 924 3682 tui
954 3618 1123 3684 dissimilis
1152 3623 1337 3703 quaestum:
1372 3621 1406 3685 id
1434 3643 1509 3687 oum

230 3728 360 3809 gratum
388 3722 468 3787 mibi
491 3723 571 3807 erit,
605 3728 675 3788 tum
703 3725 802 3790 etiam
833 3724 1028 3790 existimabo
1057 3729 1089 3790 te
1117 3726 1320 3791 humanitate
1349 3731 1410 3791 tua
1438 3749 1507 3793 esse
1521 3753 1548 3791 aa

195 3851 333 3898 susum
375 3851 502 3894 summa
529 3830 626 3895 buius
655 3831 813 3915 epistulae
841 3831 920 3895 haec
948 3836 1012 3914 est,
1043 3835 1080 3895 ut
1108 3853 1202 3896 ornes
1231 3832 1382 3897 omnibus
1411 3833 1508 3898 rebus

231 3935 409 4020 Neronem,
433 3937 530 4001 sicuti
554 3935 727 4001 instituisti
751 3942 848 4021 atque
871 3937 987 4002 fecisti.
1029 3959 1184 4023 magnum
1213 3939 1380 4003 theatrum
1408 3939 1510 4005 habet

230 4042 295 4106 ista
318 4042 485 4126 provincia
508 4080 552 4089 —
573 4065 639 4107 non
667 4048 704 4106 ut
731 4043 811 4108 haec
838 4049 951 4107 nostra
975 4081 1029 4127 —-,
1055 4044 1269 4109 adulescentis
1296 4045 1433 4129 nobilis,
1464 4047 1509 4110 in·

319 4241 341 4289 1.
361 4232 421 4288 eius
442 4233 585 4289 beneficiis
608 4235 655 4289 uel
678 4235 778 4289 officiis
797 4236 831 4289 H
855 4239 864 4305 ΙΙ
891 4241 915 4290 3.
936 4235 1077 4291 suauitate
1096 4236 1175 4290 ΜΗ1
1202 4239 1211 4306 ΙΙ
1239 4243 1263 4291 4.
1283 4236 1408 4292 libenter
1427 4240 1505 4309 HD]

228 4310 253 4360 6.
272 4323 327 4387 quo
346 4308 381 4373 Ψ,
400 4305 477 4376 (de)
495 4323 551 4374 quo
566 4323 590 4373 ς,
610 4307 695 4378 (earn
714 4306 770 4375 de)
789 4324 844 4374 quo
860 4309 1018 4388 Lambinus.
1048 4326 1086 4361 on
1104 4307 1170 4376 qui?
1195 4310 1284 4377 possis
1302 4311 1505 4379 otiumquoml

228 4377 802 4516 {istilatltathtlth‘fh*
815 4378 1274 4522 tsttthtflhrrttldss
1290 4380 1511 4508 appar,

228 4519 275 4589 ne]
298 4535 350 4573 nec
373 4491 475 4574 ct’neu
496 4465 638 4590 corripnnt
664 4524 673 4589 ΙΙ
701 4526 742 4573 29.
755 4483 805 4572 “tui
823 4538 873 4574 om.
893 4520 927 4572 H
951 4522 960 4590 ll
988 4526 1030 4575 31.
1055 4493 1180 4574 summas
1203 4520 1286 4574 huius
1298 4466 1495 4591 ⁰lipistulilidf

229 4594 271 4644 ³3.
290 4606 347 4643 non
369 4591 402 4643 ut
423 4590 494 4644 hacc
516 4592 614 4644 nostra
639 4593 689 4646 del.
709 4592 829 4646 Ernesti.
867 4608 928 4646 non¹
945 4590 1014 4644 item
1037 4591 1108 4646 haec
1130 4594 1239 4658 nostra,
1264 4591 1344 4663 (ad)
1373 4596 1435 4661 (hoc
1453 4612 1511 4649 cnm

229 4660 372 4729 Benpclio)
391 4668 527 4729 autnon,
551 4665 583 4715 ut
604 4662 675 4716 baec
697 4665 805 4729 nostra,
831 4662 1004 4733 <angustum
1023 4663 1080 4733 ad>
1105 4664 1270 4733 ll'cscnbcrp.
1303 4680 1361 4717 non
1386 4668 1420 4719 ut
1442 4666 1512 4720 buco

230 4732 327 4784 nostra
355 4731 527 4803 <admodum
553 4732 660 4786 nullam
682 4736 723 4787 nel
745 4733 883 4805 parvam>
913 4741 1040 4788 autnon
1063 4736 1094 4786 ut
1116 4733 1187 4787 baec
1210 4737 1308 4788 nostra
1334 4735 1512 4807 <admodum

233 4804 383 4868 angustum
403 4801 459 4874 ad>
478 4805 621 4857 Lehmann
640 4807 749 4874 (12⁶⁹)
787 4806 854 4858 mihi
878 4804 915 4857 ad
938 4806 1064 4875 Bcnpelii
1087 4813 1118 4860 nt
1141 4807 1241 4862 bornen
1263 4808 1305 4860 ita
1327 4811 1513 4864 necessarium
