3314 5460
200 406 264 471 366
654 405 691 462 ld.
711 404 816 458 TVLLI
836 404 1025 460 CICERONIS

198 571 415 637 adulescentis
440 569 591 635 omnibus
616 568 750 655 optimis
774 570 901 635 artibus
925 572 1059 635 ornatos
1067 622 1075 655 ,
1098 553 1188 635 meos
1211 568 1488 655 pernecessarios,

199 683 257 742 tua
276 679 421 743 amicitia
439 677 658 763 dignissimos.
696 678 724 742 si
743 677 812 743 ulla
830 701 901 743 mea
915 677 1001 762 apud
1016 681 1049 742 te
1065 676 1305 767 commendatio
1321 676 1429 742 valuit
1444 713 1488 724 —

200 787 286 871 quod
306 787 383 871 scio,
406 786 526 849 multas
546 785 724 870 plurimum
743 783 883 850 valuisse
903 821 955 869 -,
978 784 1058 849 baec
1077 789 1115 849 ut
1135 785 1250 870 valeat,
1268 805 1361 870 rogo.
1397 783 1488 867 quod

200 895 228 957 si
248 916 303 958 eos
322 892 500 957 honorifice
519 892 762 976 liberaliterque
782 892 944 976 tractaris,
962 895 996 956 et
1015 891 1078 956 tibi
1098 891 1305 976 gratissimos
1325 891 1488 976 optimos·

200 1023 261 1084 que
286 1000 501 1066 adulescentis
525 999 709 1065 adimrxeris
733 1005 767 1066 et
790 1000 871 1064 mihi
894 999 1119 1085 gratissimum
1142 998 1265 1064 feceris.
1515 1020 1529 1059 a

751 1196 834 1263 mr
868 1194 928 1284 (e.)

602 1340 763 1409 cronno
789 1338 1021 1408 cvnonoco
1046 1337 1077 1405 a.

166 1503 177 1550 1
288 1483 376 1560 Quae
405 1484 512 1549 fecisti
536 1484 571 1548 L.
594 1484 723 1549 Lucceii
753 1505 863 1567 causa,
896 1483 978 1548 scire
1007 1486 1039 1547 te
1068 1481 1164 1565 plane
1192 1481 1266 1546 volo
1294 1485 1328 1545 te
1355 1481 1487 1546 homini

200 1591 389 1676 gratissimo
409 1591 639 1674 commodasse,
658 1594 691 1654 et
711 1613 783 1656 cum
802 1589 875 1674 ipsi,
895 1611 978 1673 quae
997 1588 1114 1673 fecisti,
1132 1593 1286 1674 pergrata
1305 1593 1393 1671 sunt,
1413 1592 1486 1652 tum

200 1697 384 1782 Pompeius,
404 1699 693 1782 quotienscumque
712 1720 764 1761 me
783 1697 927 1761 videt-
943 1695 1032 1761 videt
1052 1701 1160 1761 autem
1176 1717 1270 1780 saepe
1285 1730 1339 1778 -,
1356 1693 1486 1780 gratias
1502 1717 1528 1756 10

200 1805 262 1870 tibi
286 1808 356 1890 agit
379 1805 568 1891 singularis,
591 1806 673 1870 addo
698 1805 796 1870 etiam
821 1804 910 1887 illud,
934 1805 1021 1887 quod
1039 1803 1101 1867 tibi
1119 1802 1394 1868 iucundissimum
1413 1824 1486 1867 esse

201 1916 290 1976 certo
319 1912 400 1997 scio,
431 1935 482 1977 me
509 1913 618 1996 ipsum
646 1935 685 1976 ex
713 1916 770 1976 tua
798 1933 876 1997 erga
904 1910 1079 1975 Lucceium
1107 1909 1311 1995 benignitate
1340 1909 1488 1974 maxima

166 2019 370 2104 avoluptate
394 2020 496 2084 adfici.
540 2020 626 2103 quod
649 2023 810 2103 superest,
835 2040 1032 2102 quamquam
1055 2016 1137 2082 mihi
1163 2039 1231 2084 non
1257 2022 1310 2081 est
1337 2017 1489 2102 dubium,

200 2125 292 2210 quin,
325 2149 398 2191 cum
427 2131 523 2190 antea
550 2131 664 2190 nostra
693 2148 803 2209 causa,
835 2147 921 2190 nunc
954 2126 1019 2190 iam
1048 2127 1146 2190 etiam
1175 2128 1250 2189 tuae
1278 2124 1488 2189 constantiae

200 2233 308 2318 gratia
330 2255 503 2298 mansurus
527 2233 571 2298 sis
596 2233 630 2296 in
654 2233 765 2297 eadem
789 2233 854 2296 ista
877 2232 1094 2315 liberalitate,
1117 2235 1228 2296 tamen
1251 2253 1309 2314 aps
1334 2235 1367 2295 te
1393 2230 1489 2296 vehe
1504 2253 1530 2290 15

199 2344 326 2406 menter
350 2341 449 2405 etiam
473 2345 569 2425 atque
594 2341 694 2405 etiam
717 2345 803 2425 peto,
827 2344 934 2423 ntea,
958 2361 1039 2424 quae
1062 2338 1158 2403 initio
1182 2337 1374 2422 ostendisti,
1399 2338 1490 2403 dein·

200 2468 275 2532 ceps
294 2447 409 2532 fecisti,
434 2450 474 2512 ad
492 2447 615 2513 exitum
635 2448 747 2532 augeri
767 2452 800 2511 et
820 2446 977 2511 cumulari
995 2468 1053 2532 per
1072 2450 1105 2510 te
1123 2445 1217 2510 velis:
1236 2445 1270 2510 id
1289 2448 1324 2509 et
1343 2443 1489 2511 Lucceio

200 2557 233 2617 et
256 2552 413 2639 Pompeio
436 2555 529 2620 valde
553 2559 684 2640 gratum
701 2554 776 2619 -fore
802 2559 897 2639 taque
925 2559 1004 2639 aput
1028 2575 1083 2618 eos
1106 2552 1272 2638 praeclare
1296 2552 1489 2636 positurum

116 2743 119 2748 ι
201 2661 357 2726 confirmo
381 2666 415 2726 et
438 2661 590 2746 spondeo.
633 2661 672 2726 de
691 2684 726 2725 re
744 2685 776 2745 p.
795 2661 896 2746 deque
919 2661 972 2725 his
994 2659 1136 2745 negotiis
1161 2658 1489 2745 cogitationibusque

200 2768 322 2832 nostris
350 2767 603 2853 perscripseram
631 2768 671 2832 ad
700 2773 731 2833 te
760 2768 935 2853 diligenter
962 2768 1075 2852 paucis
1109 2771 1184 2831 ante
1216 2765 1331 2831 diebus
1365 2789 1490 2851 easque
1505 2798 1530 2837 20

201 2874 327 2938 litteras
353 2876 503 2940 dederam
526 2875 635 2960 pueris
660 2874 734 2940 tuis.
777 2875 857 2940 vale.

743 3069 846 3136 nnn.
879 3069 940 3158 (a.)

413 3212 455 3278 n.
476 3213 636 3281 cronno
663 3212 694 3279 s
719 3216 756 3279 o.
780 3215 817 3281 n,
837 3212 1068 3280 cvnnuono
1094 3212 1272 3280 Pnocoa

170 3379 181 3425 r
291 3356 327 3421 L.
346 3355 513 3440 Lucceius,
537 3380 627 3422 meus
651 3356 832 3441 familiaris,
855 3359 954 3423 homo
979 3357 1124 3422 omnium
1148 3357 1374 3443 gratissimus,
1400 3358 1489 3421 miri-

201 3465 279 3529 ficas
303 3464 365 3529 tibi
390 3466 474 3548 apud
494 3487 544 3529 me
564 3464 687 3550 gratias
706 3466 784 3551 egit,
808 3488 881 3530 cum
901 3465 1022 3530 diceret
1041 3465 1152 3529 omnia
1170 3468 1204 3528 te
1223 3463 1489 3529 cumulatissime
1503 3495 1529 3535 ,ὁ

202 3576 235 3634 et
257 3571 485 3636 liberalissime
509 3572 777 3654 procuratoribus
802 3573 869 3636 suis
888 3572 1073 3656 pollicitum
1093 3593 1179 3636 esse:
1204 3593 1277 3636 cum
1298 3571 1409 3635 oratio
1429 3575 1490 3635 tua

202 3683 270 3743 tam
294 3679 323 3742 ei
347 3684 442 3764 grata
465 3678 579 3761 fuerit,
602 3700 700 3763 quam
723 3682 852 3764 gratam
876 3702 945 3743 rem
968 3679 1075 3763 ipsam
1099 3677 1268 3742 existimas
1292 3677 1379 3762 fore,
1403 3700 1489 3762 cum,

202 3790 239 3849 ut
263 3809 367 3871 spero,
391 3809 472 3870 quae
496 3787 663 3871 pollicitus
687 3808 731 3870 es,
754 3786 883 3851 feceris!
926 3786 1057 3851 omnino
1082 3784 1295 3850 ostenderunt
1313 3783 1488 3849 Bulliones

125 3874 126 3879 ἵ
166 3913 271 3960 asese
296 3890 433 3957 Lucceio
462 3892 597 3977 Pompei
626 3893 789 3958 arbitratu
819 3893 900 3957 satis
931 3892 1090 3977 facturos3
1125 3893 1180 3956 sed
1206 3895 1376 3956 vementer
1404 3913 1488 3977 opus

200 4006 250 4065 est
269 4001 363 4065 nobis
384 4006 417 4064 et
436 4001 639 4065 voluntatem
658 4005 691 4065 et
711 3999 942 4066 auctoritatem
962 4005 994 4064 et
1012 3999 1186 4085 imperium
1207 4002 1302 4062 tuum
1320 3999 1489 4083 accedere,
1502 4031 1528 4071 ω

202 4108 287 4190 quod
311 4112 348 4171 ut
370 4107 481 4191 facias,
504 4112 537 4171 te
561 4108 661 4171 etiam
685 4111 782 4190 atque
807 4107 907 4172 etiam
930 4129 1020 4192 rogo.
1063 4106 1206 4190 illudque
1230 4105 1313 4169 mihi
1336 4105 1489 4190 gratissi·

201 4236 290 4278 mum
315 4217 374 4290 est,
398 4215 483 4296 quod
507 4215 555 4278 ita
579 4215 687 4279 sciunt
710 4214 826 4280 Luccei
851 4219 1078 4299 procuratores
1103 4217 1136 4278 et
1159 4213 1207 4276 ita
1228 4211 1390 4277 Lucceius
1413 4213 1488 4298 ipse

201 4343 240 4385 ex
267 4321 388 4385 litteris
418 4321 495 4406 tuis,
528 4344 607 4405 quas
636 4322 675 4386 ad
704 4344 777 4386 eum
811 4322 944 4406 misisti,
977 4321 1152 4404 intellexit,
1184 4319 1327 4384 bominis
1361 4320 1489 4385 nullius

291 4521 314 4568 3.
334 4515 405 4568 haec
423 4517 455 4567 ut
472 4515 518 4582 M,
542 4514 612 4568 haec
630 4515 692 4568 HD
714 4518 723 4583 ll
746 4521 771 4569 4,
790 4514 908 4568 tectoria
928 4515 964 4567 M
978 4517 988 4582 ΙΙ
1008 4518 1031 4568 7,
1052 4512 1166 4567 calliolo
1186 4512 1248 4566 HD
1265 4514 1275 4581 ΙΙ
1297 4517 1321 4567 9.
1342 4528 1488 4569 commen·

202 4585 284 4640 dasse
304 4587 340 4639 M
354 4592 363 4654 [1
382 4593 423 4641 10.
444 4603 487 4639 me
506 4585 586 4640 uidet
604 4586 641 4654 D,
661 4602 705 4640 me
724 4585 798 4639 uidit
816 4586 884 4639 ΜΠ
904 4588 912 4654 ll
937 4591 978 4639 14.
999 4584 1067 4652 quin
1086 4584 1157 4652 HD,
1175 4583 1224 4652 qui
1242 4583 1280 4636 M
1300 4586 1310 4654 ll
1335 4589 1378 4639 15.
1399 4583 1489 4639 eisin

202 4657 275 4723 HD,
295 4658 333 4710 sis
353 4658 396 4710 sin
415 4659 452 4711 M
475 4661 484 4726 ll
513 4666 552 4711 19.
574 4657 793 4727 cogitationibus
813 4657 846 4709 ΙΙ
870 4661 879 4725 ΙΙ
906 4663 948 4710 21.
968 4656 1032 4710 vale
1051 4674 1100 4710 orn.
1121 4656 1155 4709 H
1179 4662 1188 4726 ΙΙ
1215 4659 1257 4708 23.
1278 4654 1487 4727 CVLLEOLO]

202 4726 308 4781 lucceio
326 4729 427 4798 (luceio
442 4729 482 4797 D)
499 4733 529 4782 Ψ
545 4736 570 4783 ct
584 4731 641 4783 iod.
658 4729 724 4783 ΜΗ
736 4732 744 4798 ll
759 4734 800 4781 24.
816 4745 894 4780 meus
909 4727 1057 4781 familiaris
1073 4726 1142 4796 HD,
1157 4744 1234 4780 meus
1250 4727 1286 4779 M
1298 4728 1367 4796 1128.
1383 4728 1488 4781 bullio-

201 4815 251 4851 nes
268 4802 298 4850 Ψ
315 4802 359 4865 (cf.
376 4801 472 4868 Zippel
488 4802 523 4853 ‘d
541 4806 605 4855 rdrn.
621 4800 784 4867 Hcrracboft
797 4802 829 4853 tn
843 4801 938 4868 illyr!
960 4801 1036 4869 Lips.
1055 4803 1122 4851 1877
1138 4816 1168 4868 p.
1185 4804 1238 4868 10),
1256 4796 1436 4853 bullidenses
1452 4818 1469 4858 ς

202 4875 244 4924 29.
265 4867 334 4921 satis
354 4870 478 4923 facturus
498 4872 534 4924 M
545 4875 554 4940 ll
567 4870 746 4925 uehementer
765 4872 826 4924 ΠΙ)
840 4874 849 4939 ll
864 4877 905 4924 31.
925 4870 1045 4938 illutque
1064 4870 1102 4923 M
