3286 5460
204 370 267 434 116
652 369 689 425 M.
709 368 816 425 TVLLI
835 368 1024 426 CICERONIS

201 555 287 598 nunc
315 533 458 617 requiem
487 538 620 616 quaerat
649 556 687 597 ex
715 535 843 621 magnis
867 534 1149 618 occupationibus,
1179 533 1230 598 vel
1258 533 1402 617 erudito,
1425 533 1478 618 qui

203 662 330 724 semper
353 639 474 726 aliquid
498 662 537 704 ex
560 663 594 705 se
617 645 760 725 promat,
789 642 874 727 quod
902 641 984 707 alios
1013 641 1164 723 delectet,
1190 641 1300 725 ipsum
1328 640 1478 705 laudibus

167 728 370 830 r'iulustret3
398 748 448 811 sin
472 752 594 831 autem,
623 748 709 813 sicut
730 749 835 832 †binc
857 749 946 815 dicas
970 770 1072 833 seras,
1095 745 1239 813 lacrimis
1263 770 1302 814 ac
1324 747 1477 812 tristitiae

202 858 233 918 te
258 854 435 937 tradidisti,
463 854 572 938 doleo,
600 855 676 939 quia
703 856 793 921 doles
817 860 851 920 et
874 876 1007 941 angere,
1034 877 1102 919 non
1128 875 1262 938 possum
1290 858 1324 919 te
1348 877 1414 920 non
1437 891 1475 902 —

201 961 229 1024 si
253 959 416 1045 concedis,
444 961 531 1044 quod
554 961 727 1046 sentimus,
755 967 792 1026 ut
816 963 951 1027 liberius
974 962 1119 1027 dicamus
1144 1001 1185 1011 -
1209 983 1376 1028 accusare:
1403 961 1508 1046 quide

200 1067 309 1133 enim?
333 1071 369 1132 tu
389 1068 479 1132 solus
498 1071 611 1150 aperta
630 1089 696 1132 non
714 1067 848 1150 videbis,
871 1068 927 1153 qui
948 1071 1085 1152 propter
1103 1090 1237 1133 acumen
1256 1067 1474 1133 occultissima

200 1174 379 1258 perspicis?
412 1177 448 1238 tu
475 1196 541 1238 non
568 1172 740 1260 intelleges
765 1179 798 1239 te
821 1175 962 1258 querelis
990 1172 1164 1239 cotidianis
1191 1174 1274 1239 nibil
1298 1175 1473 1259 proficere?

198 1305 264 1346 non
287 1281 459 1366 intelleges
479 1279 637 1365 duplicari
656 1279 902 1365 sollicitudines,
924 1303 1004 1366 quas
1024 1280 1149 1347 elevare
1172 1286 1229 1347 tua
1251 1285 1284 1346 to
1306 1280 1473 1366 prudentia

164 1406 180 1452 3
200 1388 368 1473 postulat?
411 1388 496 1472 quod
520 1388 547 1451 si
571 1411 636 1453 non
658 1377 822 1472 possimus
846 1388 969 1473 aliquid
992 1389 1148 1473 proficere
1173 1388 1348 1471 suadendo,
1371 1388 1473 1474 grstia

200 1496 424 1561 contendimus
449 1499 482 1559 et
504 1496 663 1580 rogando,
692 1493 720 1558 si
744 1494 821 1578 quid
844 1498 958 1558 nostra
985 1516 1083 1559 causa
1104 1495 1168 1579 ris,
1196 1498 1234 1558 ut
1256 1494 1330 1559 istis
1355 1499 1388 1558 te
1411 1517 1472 1558 mo
1483 1512 1500 1550 1⁰

199 1603 304 1666 lestiis
328 1602 417 1666 laxes
440 1606 473 1666 et
497 1602 537 1665 ad
561 1602 745 1668 convictum
762 1607 912 1666 nostrum
933 1601 1045 1665 redeas
1068 1598 1087 1639 *
1109 1598 1129 1640 *
1152 1601 1192 1666 ad
1212 1600 1473 1666 consuetudinem

201 1709 251 1772 vel
274 1712 423 1772 nostram
450 1730 656 1784 communem
682 1706 733 1772 rel
761 1712 852 1771 tuam
880 1707 981 1772 solida
1010 1729 1047 1771 ac
1075 1707 1250 1792 propriam.
1293 1708 1390 1792 cupio
1411 1730 1473 1772 non

200 1816 380 1881 obtundere
404 1820 451 1899 te,
480 1816 507 1880 si
534 1837 602 1880 non
624 1815 786 1880 delectare
813 1819 928 1879 nostro
957 1813 1079 1879 studio:
1110 1814 1206 1897 cupio
1234 1814 1412 1899 deterrere,
1436 1836 1473 1878 ne

198 1945 387 2006 permaneas
415 1923 448 1986 in
476 1922 616 2005 incepto.
661 1923 768 2005 †cum
801 1922 881 1986 duae
911 1943 962 1985 res
990 1921 1074 1985 istae
1106 1919 1289 1985 contrariae
1322 1943 1375 1986 me
1404 1943 1473 1986 eon·

199 2029 348 2110 turbant,
376 2051 414 2092 ex
438 2029 556 2112 quibus
581 2034 636 2092 aut
659 2028 693 2093 in
717 2028 821 2092 altera
844 2029 925 2093 mihi
948 2028 1060 2112 velim,
1087 2028 1116 2092 si
1139 2032 1248 2112 potes,
1271 2028 1472 2113 obtemperes
1502 2037 1535 2081 ²⁵

199 2141 255 2200 aut
279 2136 313 2200 in
336 2135 441 2200 altera
463 2158 528 2199 non
552 2135 704 2201 offendas.
742 2135 820 2200 vale.

729 2366 800 2431 xv.
836 2364 941 2453 (295.)

465 2537 509 2602 Μ.
533 2534 694 2602 cronno
720 2533 752 2600 s.
775 2535 813 2600 n.
839 2535 873 2600 n.
897 2533 1088 2601 nvconro
1112 2533 1149 2612 o.
1172 2535 1209 2602 s.

165 2699 175 2744 1
289 2679 402 2744 Omnis
441 2702 532 2743 amor
569 2685 644 2744 tuus
677 2703 716 2744 ex
749 2679 900 2744 omnibus
937 2676 1085 2762 partibus
1119 2699 1153 2742 se
1187 2678 1331 2743 ostendit
1363 2679 1397 2742 in
1430 2679 1474 2743 eis

196 2787 331 2870 litteriS,
361 2809 440 2870 quas
465 2810 484 2850 a
507 2792 540 2850 te
564 2787 710 2870 proxime
739 2786 862 2871 accepi,
889 2807 954 2849 non
982 2784 1037 2848 ille
1065 2784 1196 2869 quidem
1224 2785 1305 2849 mihi
1333 2786 1476 2870 ignotus,

197 2894 252 2957 sed
276 2897 385 2956 tamen
414 2897 529 2977 gratus
553 2897 586 2957 et
610 2898 757 2979 optatus3
787 2892 925 2958 dicerem
953 2890 1158 2973 ‘iucundus',
1187 2891 1251 2955 nisi
1278 2890 1311 2955 id
1340 2892 1475 2957 verbum

198 3001 230 3062 irr
255 3021 349 3062 omne
378 3003 507 3084 tempus
535 3000 762 3087 perdidissem,
789 3022 892 3083 neque
917 2999 959 3063 ob
983 3020 1055 3062 eam
1078 3020 1176 3062 unam
1204 3019 1350 3083 eausam,
1377 3020 1476 3082 quam

197 3111 232 3169 tu
258 3105 433 3188 suspicaris
458 3109 490 3170 et
514 3107 547 3170 in
572 3129 635 3190 qua
658 3130 709 3170 me
735 3105 911 3171 leuissimis
935 3109 969 3169 et
992 3104 1227 3169 amantissimis
1248 3104 1356 3168 verbis
1380 3109 1476 3169 utens

196 3235 230 3276 rc
260 3212 404 3297 graviter
432 3234 578 3297 accusas,
608 3214 663 3277 sed
692 3213 791 3298 quod,
820 3212 910 3277 illius
938 3212 1023 3275 tanti
1052 3211 1194 3275 vulneris
1223 3233 1305 3296 quae
1333 3212 1477 3276 remedia
1532 3240 1555 3253 ⁴

161 3335 267 3383 ‘resse
291 3318 462 3401 debebant,
486 3342 523 3383 ea
546 3319 636 3383 nulla
655 3324 740 3384 sunt.
779 3320 856 3403 quid
875 3318 983 3383 enim?
1014 3319 1053 3381 ad
1077 3310 1241 3383 amicosne
1265 3317 1476 3404 confugiam?
1550 3314 1555 3324 ’

195 3449 292 3509 squam
326 3425 421 3489 multi
455 3425 553 3489 suut?
594 3426 768 3490 babuimus
800 3427 887 3490 enirn
920 3425 987 3488 fere
1021 3424 1215 3508 communis,
1248 3444 1388 3507 quorum
1420 3424 1475 3489 alii
1546 3465 1555 3470 --

197 3532 394 3616 occiderunt,
418 3532 473 3595 alii
492 3531 601 3598 nescio
622 3555 685 3617 quo
705 3538 801 3618 pacto
823 3533 1055 3596 obduruerunt.
1092 3536 1198 3595 tecum
1217 3531 1325 3595 vivere
1344 3552 1475 3615 possem
1549 3570 1555 3577 ··

194 3640 342 3724 equidem
362 3644 395 3703 et
413 3640 552 3704 maxime
568 3640 696 3705 vellem:
721 3643 874 3723 vetustas,
894 3661 994 3722 amor,
1013 3636 1223 3720 consuetudo,
1242 3637 1352 3703 studia
1369 3639 1477 3724 paria;
1504 3648 1555 3697 Α·

283 3874 306 3922 1.
326 3869 410 3937 nunc]
431 3885 486 3921 non
505 3870 531 3920 a
552 3871 560 3935 ΙΙ
584 3867 708 3936 requiem
728 3870 792 3935 GR,
811 3867 950 3937 requirem
968 3869 1010 3936 Μ,
1029 3866 1183 3936 requietem
1201 3868 1262 3921 alii.
1290 3868 1325 3934 cf.
1346 3867 1426 3923 Nece
1444 3868 1475 3922 1¹

189 3956 218 4060 p.
235 3944 286 3990 568
300 3941 309 4006 ΙΙ
324 3946 348 3992 ³3.
370 3938 440 4010 <te>
461 3939 553 4007 ipsum
571 3942 623 3993 alii
641 3943 650 4008 ss
668 3946 692 3993 3.
713 3940 786 3994 sicut
804 3958 854 3994 om.
874 3941 901 3994 R
915 3942 924 4008 ΙΙ
938 3939 1003 3993 binc
1023 3939 1101 3992 dicas
1121 3955 1197 3992 seras
1216 3939 1257 4005 M,
1277 3937 1388 3993 indicas
1410 3940 1474 4006 GR,

213 4009 258 4062 inc
273 4008 442 4062 discesseras
458 4029 486 4075 ς,
506 4013 569 4075 fort.
588 4018 666 4077 recte,
685 4011 837 4064 inclinatus
857 4028 918 4064 eras
933 4011 1067 4065 Streiclrer
1084 4012 1125 4080 (p.
1143 4012 1204 4073 173)
1219 4011 1228 4077 ll
1241 4014 1266 4063 4.
1285 4009 1404 4063 tradisti
1419 4012 1456 4064 M
1466 4026 1475 4081 j'

193 4079 270 4132 doles
291 4081 336 4146 M,
361 4080 454 4134 dolere
476 4083 513 4146 G,
538 4081 633 4135 dolore
653 4083 680 4136 R
703 4084 712 4151 ΙΙ
735 4085 764 4136 et
783 4083 856 4148 MR,
884 4099 913 4135 se
934 4083 959 4137 G
982 4083 991 4149 ll
1013 4084 1129 4162 tangere
1150 4082 1176 4133 G
1198 4083 1208 4149 11
1231 4080 1299 4150 non]
1323 4096 1376 4134 nec
1400 4083 1469 4153 alii,

193 4157 216 4204 4.
228 4157 252 4204 ι’),
263 4169 319 4203 rron
338 4150 361 4203 si
378 4151 447 4217 MR,
467 4151 491 4204 si
511 4168 565 4204 non
582 4154 607 4207 G
621 4155 630 4220 ΙΙ
645 4159 668 4207 ὁ.
689 4153 826 4207 concedas
841 4155 868 4208 R
882 4155 891 4221 ΙΙ
907 4159 930 4207 7.
950 4152 1088 4222 intelligis
1104 4152 1159 4206 GR
1173 4154 1182 4219 ll
1197 4159 1220 4205 8.
1240 4148 1379 4221 intelligis
1396 4153 1454 4208 GR
1466 4158 1476 4221 «ξ

192 4238 262 4289 quas
282 4221 392 4274 eleuare
412 4222 458 4289 (ql,
480 4225 515 4290 G)
536 4225 599 4290 GR,
618 4241 674 4291 qua
693 4242 722 4278 se
742 4225 836 4278 leuare
852 4226 893 4290 M,
913 4241 982 4292 quas
1001 4223 1095 4276 levare
1114 4224 1167 4276 olii
1180 4225 1189 4291 ΙΙ
1203 4227 1227 4275 9.
1247 4221 1387 4291 possimus
1403 4225 1475 4293 MR,

192 4310 339 4360 possumus
351 4296 375 4345 G
390 4296 399 4362 1}
417 4302 456 4347 10.
476 4296 504 4345 te
519 4295 588 4360 MR,
608 4297 637 4347 tc
652 4294 707 4347 tuis
724 4299 749 4350 G
763 4300 772 4365 ll
788 4303 827 4349 11.
843 4296 941 4348 redeas
1001 4294 1046 4361 ad,
1066 4299 1135 4345 5-c
1150 4295 1202 4347 liu.
1217 4296 1308 4362 spatio
1322 4296 1419 4349 relicto
1433 4296 1476 4364 M,

192 4364 290 4416 redeas
306 4363 343 4416 ad
359 4366 393 4431 G,
413 4365 511 4433 redeas
532 4382 564 4418 ac
579 4366 615 4429 R,
634 4369 791 4421 corriectara
805 4374 884 4436 preto,
903 4366 1001 4419 redeas
1017 4365 1068 4437 <et
1105 4365 1141 4417 ad
1156 4365 1208 4431 P’,
1226 4363 1326 4418 redeas
1343 4364 1475 4440 (atque)

193 4435 228 4485 ad
243 4437 295 4488 alii
308 4438 317 4502 ll
333 4441 373 4488 14.
385 4436 460 4505 cum]
480 4437 850 4508 n11ncrllcrtpui-chuaall
864 4438 988 4503 mcMG,
1008 4454 1043 4490 ne
1095 4439 1104 4505 ΙΙ
1119 4435 1477 4509 despondentem!

195 4536 233 4584 16,
255 4531 318 4584 vale
342 4550 392 4585 om.
412 4534 440 4587 R
462 4536 471 4600 11
495 4539 536 4588 18.
562 4533 651 4589 luceio
671 4537 711 4602 a,
731 4521 835 4604 liiceio,
860 4554 912 4590 ca
929 4554 963 4590 ru.
980 4541 1004 4602 1,
1025 4536 1050 4588 G
1074 4536 1083 4601 ΙΙ
1109 4540 1149 4587 lo.
1174 4532 1227 4603 eis]
1251 4531 1355 4600 hissa,
1379 4533 1417 4588 iis
1437 4542 1482 4607 5⁴¹.

194 4608 236 4655 ⁴33.
256 4605 287 4654 tu
306 4619 355 4656 ora.
376 4605 403 4657 a
417 4606 426 4671 ΙΙ
441 4610 482 4656 24.
503 4622 531 4656 re
550 4622 601 4659 om.
621 4607 649 4660 R
663 4610 672 4673 ΙΙ
686 4613 727 4661 26.
749 4625 866 4675 quorum
921 4607 983 4669 alii,
1003 4612 1018 4658 ‘2
1039 4607 1091 4659 litt.
1110 4611 1180 4674 spat.
1200 4605 1236 4657 M
1247 4606 1257 4672 ΙΙ
1270 4609 1313 4658 27.
1333 4606 1475 4661 obdurue-

192 4676 256 4724 runt
270 4674 311 4738 R,
336 4674 494 4728 obduerunt
513 4677 559 4742 M,
582 4677 757 4731 obdurarunt
780 4681 806 4732 G
833 4682 842 4747 ΙΙ
870 4684 911 4732 27.
932 4684 974 4732 28.
999 4680 1092 4730 tecum
1116 4675 1211 4730 vivere
1233 4690 1316 4744 posse
1341 4678 1477 4746 equidem

193 4743 310 4795 maximo
327 4745 427 4797 vellem
442 4747 605 4814 Lambinus,
624 4751 716 4801 tecum
735 4749 837 4815 vivere,
857 4749 925 4830 qai>
940 4767 1059 4818 possem,
1080 4746 1210 4815 equidem
1228 4745 1352 4802 maxime
1371 4751 1480 4805 vellem

191 4814 307 4883 illrulru'q
326 4816 409 4882 q‘udr.
429 4819 501 4870 crit’
523 4817 560 4868 lll
577 4836 605 4886 p.
623 4824 684 4888 157)
706 4823 715 4888 ΙΙ
738 4826 780 4875 28.
801 4837 921 4873 maxime
941 4821 982 4888 M,
1004 4818 1176 4890 permaxime
1196 4818 1252 4873 GR
