3286 5460
277 376 341 438 272
728 376 765 431 Μ.
786 375 893 430 TVLLI
912 375 1101 430 CICERONIS

277 561 371 602 nemo
400 544 451 602 est
479 538 533 622 qui
562 539 669 602 ridere
698 539 791 623 velit,
824 544 934 603 tamen
960 559 1166 622 nequaquam
1194 537 1343 622 proinde,
1374 559 1413 603 ac
1440 537 1550 624 dignus

278 649 337 730 est,
361 647 498 710 oderunt
516 644 673 730 homines,
696 646 877 730 periculum
895 668 962 710 non
985 650 1050 728 est3
1073 645 1187 710 adeost
1209 645 1296 709 enim
1320 643 1446 709 invisus
1470 644 1552 726 mihi,

278 758 315 816 ut
337 753 418 816 nihil
443 776 507 818 non
536 753 688 818 acerbum
711 757 836 836 putem,
865 753 951 836 quod
979 773 1150 817 commuue
1174 773 1246 816 cum
1269 751 1327 816 illo
1351 751 1410 834 sit3
1441 755 1553 817 natura

278 866 387 925 autem
411 884 482 925 mea
506 864 539 923 et
563 860 671 925 studia
690 860 825 924 trahunt
848 882 900 924 me
924 860 964 923 ad
987 860 1078 943 pacis
1097 864 1131 923 et
1147 858 1311 924 libertatis
1335 859 1552 943 cupiditatem.

277 969 388 1052 itaque
412 968 493 1032 illud
516 966 647 1032 initium
669 968 774 1032 civilis
798 967 876 1031 belli
899 989 996 1052 saepe
1020 966 1148 1049 deflevi3
1172 989 1244 1032 cum
1263 989 1340 1032 vero
1359 989 1426 1032 non
1446 966 1553 1030 liceret
1575 987 1585 1026 s

276 1075 357 1139 mihi
381 1076 502 1139 nullius
526 1075 630 1159 partis
654 1097 734 1157 esse,
757 1074 833 1160 quia
857 1073 1031 1158 utrubique
1053 1095 1191 1159 magnos
1214 1073 1364 1140 inimicos
1387 1073 1554 1150 habebam,

277 1205 315 1246 ea
339 1187 446 1246 castra
468 1182 554 1267 fugi,
581 1182 614 1245 in
639 1181 756 1264 quibus
784 1182 879 1264 plane
908 1185 1017 1245 tutum
1041 1203 1092 1246 me
1116 1182 1157 1245 ab
1181 1181 1308 1246 insidiis
1331 1178 1459 1246 inimici
1482 1181 1554 1244 scie

278 1290 353 1352 bam
385 1311 450 1352 non
483 1287 647 1373 futurum;
684 1287 870 1372 compulsus
903 1308 957 1368 eo,
990 1308 1055 1371 quo
1087 1288 1220 1352 minime
1252 1287 1419 1370 volebam,
1452 1310 1493 1352 ne
1523 1288 1554 1351 in

242 1412 257 1456 3
278 1396 430 1459 extremis
454 1417 568 1477 essem,
591 1395 686 1477 plane
711 1395 855 1478 pericula
877 1417 941 1459 non
966 1395 1155 1460 dubitanter
1174 1395 1248 1459 adii.
1280 1392 1453 1460 Gaesarem
1474 1416 1557 1477 vero,

279 1504 363 1586 quod
394 1525 443 1565 me
471 1501 506 1564 in
534 1505 628 1566 tanta
655 1501 788 1566 fortuna
815 1502 912 1566 modo
943 1502 1111 1586 cognitum
1141 1501 1440 1566 vetustissimorum
1466 1501 1558 1566 fami·
1571 1524 1592 1560 ιυ

279 1611 409 1673 liarium
434 1610 505 1673 loco
529 1609 658 1692 babuit,
689 1609 786 1673 dilexi
811 1630 937 1672 summa
961 1631 1034 1672 cum
1058 1608 1179 1692 pietate
1205 1613 1238 1672 et
1261 1609 1333 1674 fide.
1379 1631 1463 1692 quae
1487 1630 1558 1673 mea

279 1715 442 1780 sententia
466 1736 577 1799 gerere
601 1714 681 1778 mihi
706 1715 813 1800 licuit,
839 1716 888 1779 ita
916 1716 992 1797 feci,
1021 1720 1059 1779 ut
1088 1714 1232 1799 optimus
1256 1716 1394 1799 quisque
1417 1715 1558 1779 maxime

278 1823 438 1907 probarit3
464 1823 549 1907 quod
572 1822 679 1887 iussus
705 1845 787 1906 sum,
809 1844 847 1886 eo
871 1826 1017 1905 tempore
1037 1826 1135 1906 atque
1158 1823 1207 1887 ita
1228 1822 1302 1907 feci,
1324 1826 1362 1887 ut
1385 1827 1559 1906 appareret

279 1931 381 1993 invito
406 1930 601 2012 imperatum
625 1951 704 1993 esse.
750 1928 841 1993 cuius
867 1928 944 1992 lacti
972 1929 1188 1993 iniustissima
1211 1929 1333 1993 invidia
1355 1929 1484 1994 erudire
1508 1951 1559 1992 me

277 2037 394 2121 potuit,
418 2057 515 2119 quam
537 2036 676 2100 iucunda
698 2035 834 2099 libertas
859 2039 892 2099 et
914 2057 1012 2121 quam
1030 2037 1150 2099 misera
1169 2035 1229 2100 sub
1249 2035 1471 2100 dominatione
1492 2037 1560 2100 vita
1574 2056 1597 2095 a

277 2149 372 2207 esset.
418 2143 480 2225 ita,
509 2142 536 2205 si
560 2141 592 2205 id
617 2142 740 2228 agitur,
767 2146 804 2206 ut
828 2164 940 2206 rursus
967 2143 1002 2207 in
1030 2146 1193 2225 potestate
1221 2143 1331 2208 omnia
1357 2143 1456 2208 unius
1484 2143 1560 2224 sint,

277 2251 471 2334 quicumque
500 2249 528 2313 is
558 2254 624 2332 est,
657 2249 686 2312 ei
717 2272 768 2314 me
799 2250 955 2333 profiteor
988 2249 1171 2332 inimicum,
1202 2272 1263 2315 nec
1294 2250 1477 2334 periculum
1509 2254 1561 2314 est

240 2374 256 2420 4
277 2357 393 2439 ullum,
418 2357 504 2440 quod
527 2378 586 2440 pro
610 2356 763 2444 libertate
787 2362 845 2420 aut
868 2356 1029 2442 refugiam
1053 2357 1298 2442 autdeprece13
1328 2358 1385 2422 sed
1408 2357 1559 2422 consules

276 2487 380 2548 neque
405 2468 536 2528 senatus
562 2463 713 2527 consulto
736 2486 840 2547 neque
864 2464 985 2527 litteris
1010 2463 1077 2527 suis
1100 2468 1332 2548 praeceperant
1354 2464 1452 2547 mihi,
1482 2464 1559 2548 qnid

277 2571 429 2653 facerem3
452 2592 533 2633 unas
555 2569 642 2633 enim
666 2572 742 2653 post
760 2569 836 2634 Idus
856 2568 953 2634 Mart.
977 2569 1108 2633 demum
1127 2591 1146 2633 a
1165 2570 1272 2635 Pansa
1290 2571 1419 2635 litteras
1439 2571 1560 2654 accepi,
1573 2593 1597 2631 a

276 2678 309 2739 iu
340 2678 458 2761 quibus
491 2676 642 2740 hortatur
675 2698 743 2758 me,
774 2681 812 2741 ut
844 2679 960 2741 senatu
994 2676 1133 2741 scribam
1166 2700 1218 2742 me
1250 2681 1283 2742 et
1312 2677 1494 2743 exercitum
1527 2678 1560 2740 in

276 2788 438 2868 potestate
472 2783 541 2846 eius
573 2782 736 2846 futurum:
770 2783 872 2867 quod,
905 2805 978 2848 cum
1008 2782 1150 2867 Lepidus
1184 2783 1429 2849 contionaretur
1461 2789 1560 2867 atque

278 2891 428 2954 omnibus
453 2890 610 2954 scriberet
633 2912 667 2953 se
692 2890 874 2954 consentire
903 2911 976 2954 cum
1000 2888 1160 2974 Antonio,
1189 2891 1328 2956 maxime
1356 2890 1559 2955 contrarium

276 2996 355 3077 fuit3
388 3019 463 3060 nam
497 2995 614 3080 quibus
647 2997 884 3060 commeatibus
918 2996 1022 3061 invito
1056 2997 1113 3061 illo
1145 3019 1203 3082 per
1235 2998 1324 3063 illius
1356 2997 1560 3082 provinciam

277 3103 421 3186 legiones
445 3101 616 3167 ducerem?
645 3107 715 3187 aut,
744 3103 771 3166 si
796 3108 904 3168 cetera
926 3103 1132 3188 transissem,
1154 3127 1233 3169 num
1256 3103 1356 3170 etiam
1379 3103 1477 3188 Alpis
1500 3127 1556 3188 po·
1571 3125 1596 3163 a»

278 3215 380 3273 teram
404 3210 620 3292 transvolare,
648 3230 729 3292 quae
752 3210 914 3295 praesidio
939 3210 1028 3274 illius
1051 3212 1226 3275 tenentur?
1263 3211 1343 3276 adde
1366 3210 1446 3293 huc,
1474 3211 1558 3296 quod

278 3316 413 3399 perferri
445 3316 575 3380 litterae
605 3316 696 3381 nulls
723 3317 912 3382 condicione
945 3321 1136 3400 potuerunt3
1169 3317 1325 3382 sescentis
1358 3317 1446 3382 enirn
1479 3316 1560 3382 locis

243 3423 494 3502 percutiuntur,
518 3423 631 3487 deinde
655 3421 755 3486 etiam
780 3424 960 3488 retinentur
984 3424 1025 3487 ab
1045 3423 1167 3508 Lepido
1192 3424 1364 3488 tabellarii.
1405 3423 1489 3487 illud
1508 3445 1560 3488 me

280 3528 450 3594 Cordubae
474 3551 533 3614 pro
558 3529 708 3594 contione
732 3528 851 3593 dixisse
875 3531 945 3612 †ne
969 3530 1100 3594 vocabit
1123 3530 1158 3594 in
1181 3531 1329 3613 dubium,
1357 3530 1559 3614 provinciam

278 3660 328 3701 me
353 3637 448 3719 nulli,
473 3636 536 3700 nisi
560 3637 615 3719 qui
640 3637 680 3700 ab
706 3641 820 3701 senatu
843 3638 962 3701 missus
985 3637 1140 3721 venisset,
1165 3637 1375 3702 traditurum:
1403 3659 1497 3720 nam,
1521 3638 1559 3700 de
1574 3660 1599 3697 a·

278 3745 408 3829 legione
439 3744 627 3807 tricensima
656 3743 813 3808 tradenda
843 3748 981 3827 quantas
1012 3742 1237 3810 contentiones
1266 3743 1451 3826 habuerim,
1484 3743 1562 3828 quid

278 3872 338 3935 ego
359 3851 521 3914 scribam?
547 3873 611 3935 qua
630 3852 752 3914 tradita
770 3854 892 3934 quanto
916 3873 975 3935 pro
999 3873 1083 3935 rep.
1106 3850 1266 3916 infirmior
1284 3850 1413 3915 futurus
1433 3849 1562 3932 fuerim,

277 3956 349 4040 quis
378 3957 530 4042 ignorat?
576 3957 637 4021 hac
666 3957 751 4022 enim
784 3957 913 4042 legione
941 3957 1009 4022 noli
1041 3959 1146 4022 acrius
1176 3961 1233 4021 aut
1261 3956 1443 4043 pugnacius
1472 3957 1562 4041 quic·

369 4196 390 4239 1.
417 4184 488 4239 uelit
510 4203 544 4240 ec:
567 4185 656 4240 uelint
682 4187 732 4240 Μ0
759 4189 769 4254 Ι]
796 4192 820 4241 2.
841 4185 941 4240 adeost
968 4186 1049 4255 (adeo
1074 4189 1117 4241 est
1136 4187 1196 4255 Me)
1224 4186 1297 4240 enim
1325 4186 1435 4240 inuisus
1460 4187 1561 4259 llmihi,

279 4265 289 4308 1
314 4258 365 4311 titt.
385 4276 431 4324 ea,
450 4257 495 4325 M,
517 4257 587 4311 adeo
607 4257 682 4310 enim
701 4256 809 4311 inuisus
828 4261 872 4310 est
890 4257 960 4311 mihi
979 4258 1040 4312 HD
1053 4263 1062 4323 ΙΙ
1077 4264 1100 4313 6.
1121 4258 1199 4330 quia]
1219 4259 1269 4327 qui
1286 4260 1311 4313 I.
1327 4258 1363 4312 F.
1380 4258 1556 4324 Gronomw

280 4328 429 4396 utrubique
453 4329 499 4396 M,
528 4329 676 4397 utrobique
700 4329 762 4383 HD
790 4332 861 4399 quod
885 4332 1008 4398 praefert
1030 4331 1153 4384 &horula
1176 4332 1204 4398 (1.
1223 4347 1245 4384 c.
1262 4349 1291 4400 p.
1308 4333 1352 4399 14)
1380 4331 1389 4398 l
1416 4335 1442 4384 9.
1462 4330 1560 4402 plane]

279 4418 301 4454 a.
323 4401 445 4455 Sclemolr
460 4419 489 4469 p.
506 4406 540 4452 53
554 4404 563 4468 ΙΙ
578 4407 619 4454 10.
641 4406 681 4454 11.
701 4400 873 4453 familiarum
892 4401 930 4468 D,
950 4399 1141 4468 familiarium,
1160 4400 1214 4454 iari
1233 4404 1264 4454 ia
1282 4419 1347 4467 raa,
1365 4401 1400 4454 Η
1409 4404 1420 4469 ll
1435 4407 1478 4457 13.
1496 4418 1561 4471 pro-

278 4471 354 4524 barit
373 4471 505 4540 (probant
524 4471 555 4524 H
559 4473 580 4541 l]
600 4472 733 4540 probaret
751 4474 809 4526 alii.
836 4476 871 4538 of.
888 4473 1009 4526 Schmul:
1024 4491 1053 4540 p.
1069 4478 1103 4525 22
1118 4474 1127 4541 ΙΙ
1141 4475 1226 4541 atque
1246 4471 1287 4526 ita
1302 4473 1344 4540 Μ,
1364 4471 1444 4540 atqui
1464 4472 1506 4527 ita
1521 4473 1561 4542 Η,

279 4547 364 4610 atique
383 4543 412 4594 ui
431 4543 473 4595 ita
492 4543 521 4595 D
534 4546 543 4611 11
558 4545 677 4611 apparet
695 4542 757 4597 HD
770 4545 779 4610 ll
795 4548 834 4597 17.
855 4560 899 4596 me
918 4561 969 4597 our.
989 4543 1022 4596 H
1033 4545 1098 4611 1121,
1118 4545 1150 4596 ut
1165 4543 1233 4610 HD,
1253 4544 1304 4597 aut
1317 4544 1373 4613 Ml}
1388 4546 1490 4598 senatu
1504 4545 1560 4610 Μ’,

280 4614 389 4666 senatui
405 4614 544 4681 1410]qu
559 4621 601 4669 ⁶2⁶2.
622 4614 681 4667 eius
701 4632 751 4668 om.
772 4615 806 4667 H
816 4619 825 4683 ll
839 4615 915 4682 quod
929 4647 962 4654 —
978 4619 1020 4668 24.
1040 4613 1095 4668 fuit
1113 4633 1162 4669 οηι.
1179 4615 1212 4668 Η
1223 4617 1232 4684 ΙΙ
1246 4620 1288 4668 27.
1308 4617 1463 4684 potuerunt
1480 4613 1562 4669 nulla

278 4685 438 4738 conditione
458 4687 489 4738 H
514 4688 524 4753 ΙΙ
551 4692 592 4739 29.
617 4686 664 4757 ne]
694 4702 775 4738 nemo
801 4704 830 4753 ς,
859 4693 940 4753 recte,
968 4693 999 4739 ut
1017 4688 1072 4740 vid.
1101 4704 1168 4738 num
1193 4689 1222 4754 (i.
1241 4704 1263 4741 e.
1282 4687 1389 4755 Parcae)
1415 4687 1563 4742 diruam

278 4756 403 4820 (lt'ieaer
422 4759 498 4810 etad.
520 4757 575 4826 lp.
592 4761 654 4825 266)
678 4759 687 4824 ΙΙ
711 4762 752 4811 30.
772 4773 816 4809 me
836 4775 886 4811 oua
907 4759 935 4810 H
950 4760 959 4826 ΙΙ
977 4757 1145 4811 tradituram
1164 4758 1200 4811 M
1220 4761 1229 4825 ll
1252 4763 1294 4813 31.
1314 4755 1459 4811 tricesima
1478 4758 1541 4812 HD

278 4827 482 4896 contentiones]
503 4827 647 4881 contiones
672 4831 720 4896 ΨΙΙ
735 4834 777 4881 32.
797 4827 908 4881 futurus
927 4828 1027 4881 fuerim
1047 4829 1082 4881 Μ
1086 4829 1172 4895 0111),
1191 4828 1292 4882 fuerim
1310 4829 1422 4883 futurus
1442 4830 1489 4885 ΜΙ
