3286 5460
178 358 241 423 178
628 356 666 415 Μ.
685 354 793 413 TVLLI
811 354 1001 413 CICERONIS

176 522 287 589 citatis
316 544 385 587 esse
413 527 546 608 putant,
573 522 712 587 alterum
739 522 839 588 etiam
867 521 1023 606 tmpioris
1051 518 1331 607 intemperantiae.
1377 540 1452 585 sane

176 631 390 715 δυσεντερίαν
417 629 663 714 pertimueram3
696 630 751 694 sed
779 627 849 693 risa
878 632 929 693 est
956 628 1038 693 mibi
1066 627 1117 693 vel
1147 626 1212 693 loci
1238 625 1381 692 mutatio
1403 624 1453 690 rel

176 736 277 799 animi
305 735 404 799 etiarn
432 736 590 800 relaxatio
618 735 670 800 vel
697 737 770 821 ipss
797 735 938 801 fortasse
965 735 1032 799 iam
1055 734 1253 800 senescentis
1277 732 1387 798 morbi
1407 754 1454 797 re·

140 859 155 905 τ
175 842 288 906 missio
310 841 480 925 proluisse.
522 865 560 908 ac
583 847 707 927 tamen,
729 865 770 908 ne
793 842 924 925 mirere,
947 841 1031 907 unde
1056 842 1120 908 hoc
1142 839 1297 907 acciderit
1318 859 1454 925 quomo·

175 950 256 1014 dove
280 948 511 1032 commiserim,
539 949 592 1013 lex
615 949 831 1034 sumptuaria,
861 970 944 1033 quae
968 948 1097 1013 videtur
1119 949 1272 1031 λιτότητα
1293 946 1455 1029 attulisse,
1479 966 1493 1003 τ

175 1077 213 1119 ea
236 1054 316 1119 mihi
340 1055 447 1120 fraudi
470 1055 543 1121 fuit.
588 1077 677 1139 nam,
704 1055 781 1120 dum
809 1055 924 1120 volunt
951 1053 1009 1119 isti
1037 1054 1120 1119 lauti
1142 1057 1232 1120 terra
1252 1057 1346 1139 nata,
1374 1074 1455 1138 qnae

174 1162 246 1246 lege
271 1166 405 1247 excepta
429 1166 520 1245 sunt,
542 1162 577 1226 in
600 1162 757 1226 honorem
781 1161 951 1246 adducere,
979 1160 1112 1247 fungos,
1138 1158 1308 1244 helvcllas,
1335 1158 1456 1243 herbas

176 1268 281 1333 omnis
306 1268 354 1331 ita
377 1268 546 1352 condiunt,
573 1272 611 1332 ut
638 1267 721 1332 nihil
744 1266 850 1351 possit
874 1289 944 1332 esse
968 1267 1113 1332 suavius:
1144 1265 1257 1332 ineas
1281 1287 1358 1331 cum
1379 1264 1457 1331 inci·

175 1375 296 1440 dissem
316 1376 351 1438 in
370 1397 449 1438 ceua
468 1373 617 1460 augurali
636 1374 722 1458 apud
741 1372 927 1458 Lentulum,
949 1377 1044 1438 tanta
1063 1396 1114 1438 me
1134 1372 1289 1457 διάρροια
1305 1370 1456 1458 arripuit,

176 1484 213 1544 ut
243 1480 339 1544 hodie
372 1481 511 1564 primum
546 1481 694 1546 videatur
726 1480 871 1565 coepisse
902 1480 1089 1545 consistere.
1135 1481 1183 1545 ita
1213 1500 1287 1565 ego,
1318 1478 1378 1564 qui
1404 1500 1455 1544 me
1469 1498 1574 1549 rog
1601 1514 1619 1553 n

176 1587 293 1651 ostreis
321 1590 355 1650 ct
382 1587 526 1651 murenis
554 1586 649 1652 facile
678 1586 897 1672 abstinebam,
925 1609 945 1650 a
966 1586 1044 1652 beta
1066 1590 1101 1651 et
1123 1608 1143 1650 a
1165 1586 1274 1651 malva
1299 1584 1455 1670 deceptus

177 1715 262 1775 sum,
293 1692 431 1777 posthac
454 1693 557 1779 igitur
580 1694 701 1758 crimus
725 1692 895 1759 cautiores.
942 1697 979 1757 tu
1002 1697 1219 1778 tamencum
1242 1690 1391 1757 audisses
1414 1690 1455 1757 ab

176 1799 293 1864 Anicio
318 1836 359 1844 —
384 1798 466 1863 vidit
490 1801 576 1865 enim
600 1822 650 1864 me
673 1804 887 1865 nauseantem
911 1837 967 1885 —,
993 1821 1061 1865 non
1089 1799 1186 1865 modo
1209 1798 1362 1865 mittendi
1385 1818 1455 1863 cau·

177 1929 248 1971 sam
272 1907 393 1972 iustam
416 1906 573 1993 habuisti,
596 1907 652 1972 sed
675 1907 775 1971 etiam
799 1906 936 1972 visendi:
961 1928 1022 1993 ego
1040 1905 1095 1972 hic
1118 1904 1228 1993 cogito
1251 1903 1454 1987 commorari,

177 2014 284 2098 quoad
307 2036 359 2078 me
383 2014 526 2078 reficiam
532 2066 541 2101 ,
567 2036 644 2079 nam
667 2018 700 2079 et
722 2014 801 2078 viris
826 2018 860 2078 et
883 2035 1000 2098 corpus
1024 2012 1134 2099 amisi3
1160 2012 1231 2098 sed,
1253 2012 1282 2078 si
1304 2012 1511 2077 morbumt
1587 2038 1629 2077 ιτ

177 2120 341 2205 depulcro,
363 2119 468 2205 facile,
491 2125 529 2185 ut
553 2143 658 2206 spero,
681 2121 740 2186 illa
762 2121 930 2187 revocabo.

690 2350 827 2417 xxvu.
859 2348 942 2439 (ro.)

550 2510 594 2576 u.
619 2508 781 2577 crosno
810 2509 840 2577 s
865 2511 903 2576 u.
928 2509 1083 2576 cluso,

146 2673 158 2720 1
267 2653 380 2739 Miror,
403 2677 460 2720 cur
484 2676 535 2718 me
559 2675 701 2738 accuses,
726 2676 801 2719 cum
824 2652 885 2718 tibi
908 2654 941 2719 id
965 2654 1071 2719 facere
1094 2675 1161 2718 non
1182 2652 1294 2737 liceat3
1324 2650 1454 2737 quodsi

178 2762 301 2846 liceret,
326 2766 437 2826 tamen
458 2782 525 2825 non
544 2761 694 2826 debebas.
732 2760 805 2847 ‘ego
825 2761 911 2826 enim
930 2764 963 2825 te
982 2758 1016 2825 in
1035 2759 1207 2825 consulatu
1226 2756 1456 2843 observaram’,

179 2873 212 2932 et
236 2869 283 2932 ais
307 2867 386 2952 fore,
409 2873 447 2932 ut
465 2872 498 2932 te
518 2866 638 2932 Caesar
656 2868 818 2932 restituat.
864 2868 969 2932 multa
992 2872 1029 2931 tu
1053 2866 1184 2951 quidem
1205 2865 1296 2949 dieis,
1319 2865 1377 2931 sed
1395 2862 1455 2930 tibi

178 2996 273 3039 nemo
298 2975 409 3040 credit.
456 2974 661 3038 tribunatum
684 2973 791 3058 plebei
814 2974 896 3039 dicis
915 2978 948 3039 te
967 2995 1039 3038 mea
1057 2995 1155 3039 causa
1172 2973 1309 3058 petisse:
1331 2970 1455 3037 utinam

179 3102 306 3164 semper
339 3103 425 3145 esses
458 3080 624 3145 tribunus!
661 3080 910 3147 intercessorem
941 3103 1007 3145 non
1040 3100 1219 3166 quaereres.
1271 3098 1375 3165 negas
1406 3098 1456 3143 me

179 3188 310 3271 audere,
338 3187 424 3270 quod
448 3186 600 3271 sentiam,
628 3186 747 3252 dicere:
776 3186 868 3271 quasi
891 3186 968 3269 tibi,
995 3208 1069 3251 cum
1095 3184 1301 3271 impudenter
1328 3204 1382 3249 me
1408 3204 1457 3249 ro

142 3312 287 3380 ageres,
317 3314 432 3377 parum
454 3292 587 3357 fortiter
609 3292 839 3376 responderim.
884 3293 965 3357 haec
988 3292 1051 3358 tibi
1075 3290 1205 3375 scripsi,
1231 3294 1271 3355 ut
1296 3288 1363 3357 isto
1385 3288 1456 3375 ipso
1533 3284 1637 3331 ⁴¹⁶

179 3401 213 3465 in
232 3422 359 3486 genere,
382 3399 416 3462 in
435 3421 499 3483 quo
520 3399 643 3482 aliquid
661 3421 757 3484 posse
777 3399 836 3482 vis,
858 3403 891 3464 te
909 3399 993 3463 nihil
1016 3419 1088 3464 esse
1111 3418 1335 3483 cognosceres.
1371 3396 1457 3482 quod
1610 3377 1638 3420 ⁵

1539 3190 1630 3213 ...a-fi

180 3508 208 3572 si
231 3506 417 3572 humaniter
440 3527 566 3570 mecum
590 3510 725 3589 questus
749 3527 851 3589 esses,
880 3506 1021 3570 libenter
1047 3504 1110 3569 tibi
1132 3525 1184 3568 me
1208 3508 1242 3569 et
1264 3502 1362 3569 facile
1383 3524 1458 3589 pur·
1502 3516 1597 3541 ἰ

179 3634 322 3698 gessem3
346 3634 413 3677 non
436 3611 521 3675 enim
545 3611 677 3696 ingrata
699 3612 779 3675 mihi
804 3617 894 3698 sunt,
916 3633 998 3695 quae
1020 3611 1141 3695 fecisti,
1165 3610 1230 3695 sed,
1252 3632 1337 3695 quae
1359 3608 1458 3695 scrip
1494 3631 1562 3649 ⁶*

180 3719 266 3802 sisti,
302 3719 447 3783 molesta.
494 3741 545 3782 me
574 3723 697 3802 autem,
729 3723 863 3802 propter
890 3741 986 3802 quem
1015 3718 1115 3783 ceteri
1142 3716 1237 3782 liberi
1269 3720 1364 3799 sunt,
1395 3715 1457 3781 tibi
1479 3704 1546 3775 ἒ
1623 3717 1643 3740 “

180 3825 319 3889 liberum
342 3847 407 3889 non
431 3826 535 3889 visum
559 3825 713 3909 demiror,
741 3848 826 3908 nam,
850 3825 878 3889 si
901 3824 986 3890 falsa
1007 3824 1147 3909 fuerunt,
1171 3845 1254 3907 quae
1276 3826 1315 3887 tu
1332 3822 1375 3888 ad
1396 3843 1515 3906 ma<
1536 3831 1606 3862 Ξ

179 3935 217 3995 ut
237 3931 295 4014 ais,
314 3930 495 4016 ‘detulisti',
519 3932 597 4015 quid
616 3932 677 3995 tibi
696 3952 757 4017 ego
776 3932 900 3997 debeo?
923 3935 951 3995 si
971 3953 1057 4017 vera,
1079 3934 1169 3995 tues
1189 3927 1334 4015 optimus
1353 3928 1489 4013 testis3
1502 3932 1616 3981 ὕ

181 4037 257 4120 quid
283 4037 363 4100 mihi
386 4061 417 4121 p.
441 4038 478 4101 lt.
503 4037 627 4102 debeat.

269 4234 293 4282 3.
314 4228 484 4283 senescentis
502 4229 594 4297 M0R,
614 4233 790 4285 senescentes
809 4231 864 4296 Ml,
884 4229 1005 4284 senescis
1021 4230 1047 4286 G
1061 4232 1071 4299 ΙΙ
1084 4235 1109 4284 4.
1129 4231 1256 4284 attamen
1274 4231 1353 4298 ςΙό.
1373 4232 1560 4283 λειω-0
1616 4288 1640 4297 ,

180 4318 249 4368 rara
267 4303 294 4352 Ω
308 4302 317 4367 ΙΙ
332 4308 355 4354 t.
375 4299 448 4353 lauti
466 4302 541 4353 turra
560 4303 629 4354 natu
647 4316 719 4368 quae
739 4303 785 4369 M,
808 4301 880 4356 lauti
905 4304 977 4355 terre
1001 4303 1141 4369 nataque
1161 4301 1200 4369 G,
1224 4298 1456 4355 lauticerrensta·

180 4387 234 4438 que
253 4371 281 4424 R
304 4373 313 4439 ΙΙ
338 4376 361 4426 7.
380 4370 518 4424 heluellas
538 4372 578 4438 M,
599 4371 644 4424 ucl
663 4371 734 4426 uiles
755 4373 809 4428 GR
832 4375 841 4441 l
864 4380 888 4427 9.
908 4375 1028 4443 &suyppe
1043 4372 1089 4441 M,
1116 4372 1171 4427 GR
1190 4388 1294 4442 quoquc
1312 4374 1436 4443 eonuph'

182 4446 223 4494 10.
242 4441 326 4495 hodic
346 4442 387 4511 M,
406 4459 439 4496 eo
459 4442 504 4495 die
525 4443 579 4496 GR
602 4446 611 4513 ΙΙ
634 4442 730 4511 itaque
751 4446 776 4499 G
796 4447 808 4525 ll
832 4450 872 4498 11.
893 4443 1015 4497 murenis
1034 4444 1081 4511 M,
1104 4442 1207 4498 mursia
1227 4444 1266 4511 G,
1292 4440 1390 4496 mullis
1407 4442 1436 4497 R
1638 4433 1643 4448 '

181 4517 222 4566 13.
242 4512 301 4565 uidi
321 4515 445 4568 teneus.
467 4516 493 4569 G
506 4516 516 4581 ll
529 4529 574 4566 me
592 4532 642 4568 cm.
661 4515 713 4581 Rn
733 4521 774 4569 14.
794 4518 898 4569 rustam
917 4516 959 4580 M,
978 4514 1063 4569 istum
1081 4514 1137 4569 GR
1150 4516 1160 4583 ll
1175 4520 1216 4570 15.
1235 4512 1321 4569 amisi
1339 4512 1391 4569 sed
1408 4512 1444 4568 Μ
1535 4523 1536 4526 ’
1632 4515 1643 4528 ”

179 4600 212 4636 cn
236 4583 307 4635 amis
331 4585 380 4637 sed
402 4588 411 4653 ll
438 4589 476 4637 18.
497 4585 533 4639 M.
558 4602 607 4639 mn.
629 4588 654 4640 G
677 4588 686 4653 {l
709 4592 751 4640 20.
777 4586 851 4640 enirn
873 4588 969 4641 orn.(1'
993 4589 1002 4655 ΙΙ
1025 4588 1053 4639 te
1073 4584 1209 4657 (inquis)
1231 4584 1263 4639 in
1281 4586 1436 4640 Leontinus

179 4658 221 4707 ul.
246 4657 274 4706 to
298 4673 347 4709 oue
373 4656 428 4709 GIl.
455 4659 464 4724 11
492 4654 635 4723 restituat,
663 4658 712 4710 ull.
737 4660 749 4708 t
771 4659 835 4723 fort.
854 4675 888 4711 ec
906 4676 919 4709 r
938 4676 971 4711 m.
994 4663 1021 4723 1,
1042 4659 1080 4724 G,
1107 4656 1256 4711 restituaat
1272 4656 1301 4711 R
1328 4658 1339 4727 ΙΙ
1366 4658 1398 4709 tu
1435 4690 1437 4701 ·

181 4726 212 4775 ut
231 4726 285 4847 (lii
303 4730 312 4794 ΙΙ
331 4732 372 4779 ⁸22.
394 4726 537 4780 tribunum
555 4729 581 4780 u
599 4730 608 4795 ll
627 4733 669 4781 27.
689 4744 733 4780 mc
753 4727 806 4782 tibi
826 4730 851 4784 G
866 4732 875 4798 ΙΙ
896 4735 938 4782 30.
957 4728 1071 4781 fuerunt
1089 4727 1159 4797 MR,
1179 4730 1245 4783 sunt
1262 4728 1371 4795 6132.
1390 4726 1471 4796 qui·
1487 4708 1568 4771 ἱ
1603 4692 1638 4747 'i

179 4810 229 4848 om.
