3286 5460
643 392 1024 453 perseveramus.
1120 470 1125 479 ,
1431 401 1473 464 69

195 575 270 618 cum
293 558 325 618 te
348 553 495 619 Puteolis
519 577 746 640 prosequerer,
769 556 804 621 iu
827 578 890 641 quo
913 580 980 622 non
1003 560 1263 642 expectationem
1288 566 1377 625 tuam
1400 562 1475 627 dili-

194 660 308 746 gentia
327 682 400 725 mea
419 660 577 726 vicerim?
614 663 699 746 quod
724 661 751 727 si
775 663 808 727 id
832 669 882 728 est
901 665 1041 730 maxime
1060 667 1170 752 astuti,
1194 667 1303 732 omnia
1322 668 1363 732 ad
1382 690 1475 734 suam
1495 689 1511 736 s

194 766 373 831 utilitatem
401 767 534 853 referre,
566 769 643 852 quid
671 769 751 834 mihi
780 771 911 836 tandem
939 776 1010 835 erat
1040 771 1166 855 utilius,
1197 773 1273 856 quid
1297 776 1475 847 commodis

193 874 275 938 meis
308 874 433 959 aptius,
467 898 564 960 quam
596 877 738 942 hominis
768 877 966 942 nobilissimi
1000 882 1097 962 atque
1130 879 1375 946 honoratissimi
1403 905 1476 947 con-

165 981 333 1067 ⁵iunetio,
360 983 451 1047 cuius
475 1005 553 1068 opes
577 983 756 1069 ingenium,
785 984 881 1048 liberi
904 978 1025 1049 adfines
1053 984 1228 1068 propinqui
1252 987 1332 1051 mihi
1355 1010 1475 1074 magno

194 1086 245 1150 vel
270 1093 462 1154 omameuto
485 1091 536 1155 vel
560 1090 723 1175 praesidio
747 1113 817 1155 esse
841 1092 998 1174 possent?
1036 1113 1117 1175 quae
1147 1095 1258 1155 tamen
1281 1114 1342 1178 ego
1366 1096 1476 1160 omnia

193 1193 228 1256 in
252 1196 432 1277 expetenda
459 1196 604 1261 amicitia
632 1200 690 1261 tua
716 1220 783 1262 non
799 1198 933 1262 astutia
961 1198 1113 1282 quadam,
1144 1198 1199 1262 sed
1228 1198 1336 1284 aliqua
1364 1201 1474 1286 potius

192 1300 356 1384 sapientia
387 1306 517 1368 secutus
546 1325 626 1368 sum.
668 1302 768 1388 quid?
801 1304 859 1368 illa
889 1303 1031 1387 vincula,
1065 1305 1182 1388 quibus
1211 1305 1340 1388 quidem
1373 1307 1474 1372 liben-

193 1407 321 1472 tissime
345 1410 524 1495 astringor,
549 1415 671 1494 quanta
695 1412 784 1474 sunt!
814 1410 995 1476 studiorum
1020 1411 1211 1496 similitudo,
1234 1411 1378 1478 suavitas
1401 1437 1474 1479 con·

151 1532 178 1569 1⁰
194 1514 388 1600 suetudinis,
412 1517 584 1582 delectatio
609 1517 694 1582 vitea
719 1521 817 1601 atque
840 1518 960 1602 victus,
984 1519 1144 1583 sermonis
1167 1519 1321 1603 societas,
1344 1520 1473 1587 litterae

192 1620 374 1687 interiores.
422 1627 519 1708 atque
555 1624 635 1688 haec
674 1623 869 1689 domestica:
908 1624 987 1708 quid
1024 1625 1081 1689 illa
1117 1626 1247 1690 tandem
1280 1628 1474 1711 popularia?

192 1727 318 1791 reditus
347 1727 495 1793 inlustris
524 1730 559 1794 in
585 1730 740 1815 gratiam,
768 1731 803 1794 11
832 1753 896 1815 quo
924 1753 963 1795 nc
991 1754 1049 1815 per
1077 1732 1318 1817 inprudentiam
1346 1735 1476 1818 quidem

192 1834 295 1897 errari
319 1837 430 1917 potest
458 1835 526 1899 sine
557 1837 740 1920 suspicione
767 1836 935 1920 perfidiae,
964 1837 1159 1922 amplissimi
1183 1841 1356 1906 sacerdotii
1380 1841 1474 1907 colle·

193 1940 294 2025 gium,
317 1940 352 2004 in
376 1963 440 2025 quo
463 1963 529 2007 non
551 1944 648 2007 modo
672 1942 850 2008 amicitiam
870 1943 985 2008 violari
1005 1945 1090 2028 apud
1114 1945 1253 2011 maiores
1272 1952 1404 2012 nostros
1424 1948 1473 2013 fas

151 2062 177 2102 1⁵
191 2069 259 2111 non
282 2051 367 2132 erat,
396 2049 514 2113 sedne
544 2049 669 2133 coptari
693 2050 822 2133 quidem
851 2050 1052 2116 sacerdotem
1075 2050 1209 2136 licebat,
1237 2053 1293 2136 qui
1322 2054 1473 2138 cuiquam

192 2174 231 2216 er
251 2153 390 2239 collegio
410 2158 497 2220 esset
515 2153 675 2221 inimicus.
713 2177 795 2239 quae
814 2161 852 2222 ut
871 2157 1024 2221 omittam
1042 2162 1111 2223 tam
1130 2158 1235 2223 multa
1253 2163 1351 2243 atque
1370 2165 1470 2244 tanta,
1493 2179 1524 2226 10

193 2258 267 2343 quis
295 2282 449 2344 umquam
479 2263 564 2326 tanti
594 2285 788 2347 quemquam
817 2263 895 2330 fecit
917 2267 975 2329 aut
1002 2263 1108 2329 facere
1131 2265 1242 2348 potuit
1268 2270 1325 2331 aut
1353 2266 1474 2353 debuit,

193 2366 307 2450 quanti
331 2388 393 2453 ego
417 2366 473 2432 Cn.
493 2367 698 2454 Pompeium,
729 2392 877 2436 socerum
901 2375 976 2436 tuae
999 2371 1107 2435 filiae?
1140 2371 1275 2457 etenim,
1304 2373 1332 2436 si
1355 2374 1473 2438 merita

191 2473 317 2559 valent,
344 2475 499 2560 patriam,
528 2476 663 2560 liberos,
692 2477 845 2562 salutem,
872 2477 1081 2563 dignitatem,
1109 2483 1229 2542 memet
1256 2479 1364 2564 ipsum
1391 2480 1472 2544 mihi

152 2597 178 2635 20
191 2601 252 2664 per
279 2580 372 2644 illum
400 2582 591 2647 restitutum
618 2587 712 2667 puto,
745 2567 1045 2648 siconsuetudinis
1073 2583 1271 2669 iucunditas,
1299 2609 1381 2670 quae
1408 2586 1473 2650 fuit

191 2708 349 2770 umquam
372 2688 519 2753 amicitia
537 2689 756 2755 consularium
778 2691 814 2755 in
834 2695 949 2754 nostra
967 2689 1098 2754 civitate
1118 2690 1343 2757 coniunctior?
1367 2693 1394 2756 si
1415 2692 1472 2756 illa

191 2793 314 2857 amoris
338 2797 436 2877 atque
460 2794 561 2860 officii
585 2795 687 2881 signa,
711 2796 788 2879 quid
812 2795 893 2860 mihi
916 2795 972 2860 ille
995 2817 1061 2860 101
1081 2797 1268 2862 commisit?
1306 2798 1383 2882 quid
1406 2820 1471 2863 non

190 2922 318 2966 mecum
339 2902 611 2995 communicavit?
636 2901 713 2986 quid
736 2903 774 2967 de
799 2924 833 2967 se
857 2903 891 2965 in
914 2906 1039 2988 senatu,
1062 2924 1136 2968 cum
1159 2903 1228 2986 ipse
1252 2904 1391 2989 abesset,
1414 2926 1472 2989 per

191 3029 390 3092 quemquam
421 3008 475 3094 agi
509 3008 648 3074 maluit?
685 3008 803 3092 quibus
833 3008 888 3072 ille
916 3030 966 3072 me
999 3009 1096 3073 rebus
1128 3030 1195 3073 non
1227 3008 1471 3076 ornatissimum

149 3129 176 3168 ²⁵
191 3114 300 3179 voluit
323 3115 546 3200 amplissime?
580 3115 799 3199 quadamque
823 3114 878 3179 ille
897 3114 1064 3197 facilitate,
1088 3138 1152 3200 qua
1170 3116 1374 3181 humanitate
1394 3117 1471 3181 tulit

190 3223 434 3288 contentionem
449 3244 555 3287 meam
574 3244 633 3306 pro
649 3220 770 3286 Milone
794 3221 985 3286 adversante
1004 3221 1167 3286 interdum
1182 3221 1365 3287 actionibus
1381 3222 1471 3287 suis?

191 3352 257 3414 quo
281 3328 389 3393 studio
412 3328 567 3413 providit,
593 3351 634 3392 ne
658 3349 740 3412 quae
763 3350 815 3392 me
838 3327 926 3392 illius
950 3327 1108 3412 temporis
1140 3327 1262 3393 invidia
1285 3330 1471 3415 attingeret,

191 3457 265 3500 cum
290 3456 341 3498 me
365 3435 516 3518 consilio,
545 3458 617 3499 cum
642 3433 850 3517 auctoritate,
879 3456 952 3498 cum
981 3434 1079 3498 armis
1108 3434 1245 3518 denique
1274 3435 1356 3500 texit
1380 3436 1471 3500 suis?

192 3541 313 3626 quibus
337 3541 475 3624 quidem.
490 3542 692 3626 temporibus
712 3541 791 3606 haec
814 3541 849 3605 in
872 3562 910 3605 eo
934 3539 1087 3626 gravitas,
1112 3541 1191 3605 haec
1211 3542 1310 3605 animi
1330 3542 1470 3606 altitudo

144 3660 179 3700 ³⁰
193 3648 273 3729 fuit,
299 3669 366 3712 non
392 3649 487 3714 modo
516 3653 553 3712 ut
576 3647 700 3734 Phrygi
729 3648 825 3713 alicui
853 3651 910 3711 aut
933 3646 1089 3731 Lycaoni,
1121 3647 1207 3730 quod
1235 3650 1271 3710 tu
1294 3646 1328 3710 in
1351 3646 1470 3732 legatis

194 3753 317 3839 fecisti,
344 3755 398 3819 sed
422 3778 462 3819 ne
486 3778 688 3821 summorum
717 3753 847 3839 quidem
874 3753 1043 3817 hominum
1071 3751 1239 3816 malevolis
1267 3753 1305 3816 de
1333 3775 1383 3818 me
1408 3776 1471 3818 ser-

194 3861 346 3927 monibus
376 3863 529 3927 erederet.
569 3863 665 3926 huius
695 3863 796 3947 igitur
824 3860 910 3924 filius
935 3881 1007 3924 cum
1032 3859 1075 3923 sit
1103 3880 1202 3943 gener
1230 3862 1305 3922 tuus
1334 3881 1470 3943 cumque

195 3974 324 4054 praeter
346 3970 430 4034 hanc
454 3969 713 4034 coniunctionem
732 3965 919 4046 adfinitatis,
943 3987 1039 4048 quam
1061 3965 1106 4028 sis
1126 3963 1182 4030 (ln.
1201 3964 1357 4049 Pompeio
1377 3987 1470 4031 carus

196 4098 357 4160 quamque
380 4076 547 4159 iucundus,
570 4076 768 4159 intellegam,
792 4093 855 4157 quo
874 4071 1005 4136 tandem
1025 4072 1132 4136 animo
1152 4071 1186 4134 in
1205 4076 1237 4135 te
1257 4093 1327 4135 esse
1347 4071 1471 4136 debeo?

285 4265 307 4314 1.
331 4259 463 4314 Puteolos
492 4259 589 4327 Orelli,
612 4261 676 4314 bene
698 4261 707 4326 ΙΙ
730 4264 754 4311 4.
774 4231 964 4322 nobilissimd,
983 4254 993 4307 i
1012 4275 1030 4310 a
1043 4274 1077 4309 m.
1094 4262 1118 4322 1,
1136 4256 1174 4309 M
1192 4257 1201 4323 ΙΙ
1225 4260 1265 4308 14.
1286 4253 1399 4307 maioris
1419 4255 1456 4308 M

191 4337 236 4384 15.
256 4348 291 4384 ne
311 4331 431 4402 coptari]
451 4347 502 4384 nec
521 4329 613 4399 optari
631 4333 671 4397 a,
694 4346 729 4383 ne
748 4326 874 4397 cooptari
894 4344 918 4384 s.
945 4328 979 4394 cf.
1000 4328 1161 4382 Lachmann
1180 4327 1217 4378 cd
1235 4327 1319 4405 haer.
1334 4325 1368 4391 Π,
1385 4331 1471 4393 1061,

196 4408 235 4454 16.
247 4400 296 4469 qui
312 4402 379 4457 utG
393 4405 402 4470 ll
417 4408 457 4456 18.
473 4404 540 4454 tuae
551 4401 614 4469 GR,
629 4405 709 4455 turae
723 4401 760 4454 M
770 4402 779 4469 ll
793 4405 834 4452 20.
850 4397 1045 4452 restituturum
1055 4400 1082 4451 a
1095 4401 1104 4466 11
1118 4403 1160 4450 24.
1176 4396 1303 4479 uolurtG
1317 4399 1327 4465 ll
1341 4413 1385 4449 ma
1400 4397 1470 4479 11111,

195 4472 223 4525 in
239 4474 265 4527 G
279 4475 288 4541 ΙΙ
302 4473 512 4556 amatissimum
525 4475 560 4540 a,
579 4474 651 4541 quod
670 4475 701 4525 11
719 4478 775 4526 tam
794 4471 899 4524 lucrida
915 4472 1075 4594 pragserlqim
1094 4471 1186 4593 1011101ί
1188 4470 1243 4592 ,locs
1257 4469 1471 4593 corrlqurutlrppc

193 4544 940 4683 1111’11-1111311111111111111
942 4558 1058 4677 estut
1075 4542 1128 4690 dh
1148 4609 1198 4676 (a
1218 4556 1472 4690 1111111,

195 4685 270 4753 quod
289 4687 325 4739 M
344 4689 354 4753 ΙΙ
377 4703 411 4740 11
436 4688 519 4755 quael
544 4703 633 4754 neque
653 4687 699 4749 Μ,
722 4701 757 4737 11
780 4701 836 4751 qua
861 4683 915 4738 GR
938 4683 947 4750 11
970 4685 1011 4733 28.
1037 4679 1156 4761 demque
1179 4697 1229 4764 ope.
1251 4681 1276 4734 0
1299 4683 1308 4748 ΙΙ
1331 4686 1372 4760 30,
1396 4679 1472 4749 frygr

196 4755 281 4882 alipui
300 4757 353 4882 lq,
360 4757 445 4827 frigia
463 4757 532 4811 licui
552 4760 586 4826 G,
605 4755 739 4827 phrigiali
759 4754 804 4809 cui
822 4755 851 4809 R
868 4757 877 4822 ΙΙ
897 4755 946 4806 aut
964 4770 1013 4807 011.
1035 4752 1059 4807 G
1079 4754 1088 4820 ΙΙ
1104 4751 1209 4805 hcaom
1227 4753 1254 4804 a
1272 4753 1281 4820 t
1300 4756 1341 4805 34.
1361 4751 1470 4805 intelle·

195 4844 228 4897 ge
250 4845 297 4882 am
1456 4845 1460 4852 ·
