3286 5460
479 387 736 443 EPISTVLARVM
755 388 787 442 ll.
809 394 849 441 19.
869 386 915 444 ΙΠ.
936 393 959 442 1.
979 394 1005 444 a.
1333 389 1374 453 51

99 552 251 617 videntur
264 551 365 618 etiam
376 551 503 636 aliquae
513 574 605 617 meae
619 556 743 637 partes:
757 552 805 617 sic
819 552 906 617 enim
920 551 982 615 tibi
995 550 1162 635 persuade,
1172 551 1377 616 carissimum

100 664 134 724 te
157 658 237 723 mihi
261 680 332 723 esse
355 680 429 723 cum
449 663 582 743 propter
601 659 721 723 multas
740 658 919 723 suavitates
944 657 1077 744 ingenii,
1100 657 1209 743 officii,
1232 657 1377 723 humaui·

100 767 181 830 tatis
209 771 299 850 tuae,
325 768 397 831 tum
426 765 512 850 quod
540 787 579 828 ex
606 765 673 830 tuis
700 764 821 829 litteris
843 768 878 828 et
900 786 939 829 ex
967 765 1145 829 multorum
1173 765 1377 830 sermonibus

100 872 257 960 intellego
282 873 401 951 omnia,
424 894 506 956 quae
530 894 551 936 a
573 894 624 937 me
647 871 794 956 profecta
816 875 893 937 sunt
915 871 950 935 in
973 875 1019 955 te,
1042 871 1104 936 tibi
1128 871 1283 937 accidisse
1306 893 1379 958 gra-

72 979 242 1062 ctissima3
276 979 362 1063 quod
391 1001 464 1044 cum
491 979 540 1043 ita
567 979 624 1064 sit,
653 978 818 1063 perficiam
847 978 1008 1063 profecto,
1036 982 1074 1042 ut
1101 979 1192 1064 longi
1220 980 1377 1064 temporis

101 1109 246 1171 usuram,
269 1108 334 1170 qua
357 1085 519 1151 caruimus
542 1085 730 1150 intermissa
751 1089 864 1151 nostra
887 1084 1136 1167 consuetudine,
1158 1090 1192 1150 et
1214 1086 1321 1171 gratia
1344 1091 1378 1151 et

101 1194 275 1260 crebritate
303 1197 338 1257 et
364 1191 588 1278 magnitudine
619 1192 802 1258 officiorum
831 1214 978 1258 meorum
1010 1192 1162 1277 sarciam,
1193 1191 1290 1276 idque
1318 1216 1378 1276 me,

102 1282 255 1386 quoniam
279 1306 316 1365 tu
338 1299 387 1365 ita
409 1301 472 1385 vis,
495 1305 576 1385 puto
598 1323 666 1366 non
688 1300 792 1367 invita
814 1299 961 1365 Minerva
983 1321 1054 1365 esse
1076 1299 1253 1384 facturum,
1281 1321 1378 1383 quam

102 1409 234 1493 quidem
261 1428 336 1494 ego,
365 1408 393 1472 si
420 1407 505 1472 forte
529 1408 568 1472 de
590 1407 657 1473 tuis
684 1428 868 1492 sumpsero,
894 1428 961 1472 non
989 1406 1095 1471 solum
1118 1405 1295 1490 Παλλάδα,
1322 1408 1378 1471 sed

59 1533 86 1571 1⁰
101 1515 202 1580 etiam
221 1512 384 1579 Ἀππιάὸα
406 1514 591 1579 nominabo.
628 1511 727 1595 cilix,
753 1513 891 1578 libertus
919 1518 1009 1597 tuus,
1037 1517 1134 1579 antea
1161 1513 1243 1579 mihi
1270 1512 1413 1579 minuet

99 1622 163 1687 fuit
184 1626 297 1706 notus3
326 1621 395 1704 sed,
423 1625 460 1685 ut
488 1620 570 1685 mihi
597 1620 738 1686 reddidit
761 1643 780 1684 a
803 1624 836 1684 te
858 1620 986 1684 litteras
1009 1620 1122 1704 plenas
1146 1625 1180 1685 et
1202 1621 1322 1686 amoris
1346 1626 1379 1685 et

99 1728 210 1811 officii,
234 1727 369 1794 mirifice
393 1728 463 1813 ipse
487 1749 546 1793 suo
570 1749 717 1792 sermone
744 1726 936 1792 subsecutus
959 1730 1011 1791 est
1033 1727 1270 1792 humanitatem
1293 1728 1379 1792 litte-

98 1857 209 1899 rarum
237 1838 380 1899 tuarum:
408 1833 548 1900 iucunda
575 1833 657 1899 mihi
684 1833 754 1898 eius
783 1832 888 1900 oratio
911 1832 988 1917 fuit,
1016 1855 1089 1898 cum
1117 1834 1155 1898 de
1179 1833 1287 1899 animo
1312 1838 1379 1920 tuo,

98 1942 137 2006 de
168 1941 388 2026 sermonibus,
417 1962 500 2025 quos
528 1940 567 2006 de
596 1962 647 2005 me
674 1940 811 2005 haberes
840 1939 972 2024 cotidie,
1000 1940 1080 2004 mihi
1107 1945 1269 2026 narraret3
1302 1941 1379 2025 quid

60 2065 85 2104 1⁵
100 2047 252 2132 quaeris?
285 2046 384 2113 biduo
411 2047 519 2112 factus
542 2051 594 2112 est
617 2046 698 2111 mihi
726 2047 912 2131 familiaris,
938 2047 988 2111 ita
1010 2052 1119 2111 tamen
1125 2099 1134 2133 ,
1160 2052 1199 2111 ut
1221 2046 1380 2113 Phaniam

99 2155 193 2220 valde
227 2154 290 2219 sim
322 2154 579 2237 desideraturus,
611 2176 708 2240 quem
738 2176 813 2219 oum
839 2152 978 2218 Romam
1011 2153 1175 2237 remittes,
1208 2154 1309 2239 quod,
1342 2159 1380 2218 ut

99 2263 311 2347 putabamus,
335 2261 485 2326 celeriter
508 2282 580 2327 eras
602 2260 763 2344 facturus,
787 2259 938 2325 omnibus
962 2259 991 2325 ei
1015 2260 1053 2325 de
1076 2260 1190 2343 rebus,
1212 2281 1292 2343 quas
1316 2261 1371 2347 agi

101 2391 182 2453 quas
207 2367 314 2434 curari
337 2390 357 2432 a
379 2390 431 2433 me
454 2368 560 2451 voles,
587 2367 741 2432 mandata
763 2366 819 2432 des
842 2366 950 2432 velim.
991 2364 1027 2430 L.
1048 2364 1214 2431 Valerium
1236 2367 1381 2432 iurecon·
1399 2384 1414 2431 3

101 2476 226 2540 sultum
256 2473 349 2539 valde
377 2473 440 2538 tibi
467 2473 672 2556 commendo,
699 2473 755 2538 sed
782 2465 830 2537 ita
858 2473 970 2552 etiam,
999 2473 1027 2537 si
1054 2494 1121 2537 non
1144 2478 1194 2538 est
1216 2473 1285 2538 iure
1308 2496 1382 2539 con·

68 2582 222 2664 usurus,
254 2579 371 2645 melius
398 2579 485 2644 enim
514 2579 544 2644 ei
571 2601 684 2644 cavere
713 2579 802 2664 volo,
834 2601 932 2664 quam
960 2579 1030 2663 ipse
1057 2577 1131 2644 aliis
1159 2579 1252 2644 solet.
1289 2579 1381 2645 valde

100 2686 269 2753 hominem
292 2687 411 2773 diligo:
434 2689 485 2751 est
508 2708 547 2751 ex
570 2686 651 2751 meis
675 2685 863 2751 domesticis
887 2690 985 2768 atque
1008 2684 1134 2749 intimis
1157 2684 1381 2752 familiaribus.

100 2793 235 2861 omnino
259 2793 321 2858 tibi
346 2791 417 2879 agit
439 2792 579 2878 gratias,
609 2791 775 2857 sedidem
797 2791 914 2857 scribit
936 2814 1025 2856 meas
1052 2791 1179 2857 litteras
1204 2793 1380 2858 maximum

98 2902 187 2987 apud
216 2905 250 2965 te
276 2898 404 2985 pondus
436 2898 620 2964 habituras:
650 2898 684 2964 id
715 2921 789 2964 eum
816 2922 856 2963 ne
884 2898 992 2982 fallat,
1025 2898 1126 2963 etiarn
1153 2902 1251 2983 atque
1281 2899 1381 2964 etiam

101 3029 194 3096 rogo.
237 3007 317 3072 vale.

40 3214 77 3258 ra
663 3200 705 3266 11.
737 3198 820 3288 (75.)

223 3361 266 3427 Μ.
290 3359 451 3428 CICERO
475 3357 654 3426 Pnooos.
679 3358 709 3424 S.
729 3358 769 3426 Ι).
786 3359 918 3425 APPIO
944 3360 1152 3427 PVLCHRO
1177 3361 1263 3428 ΙΜΡ.

193 3502 276 3570 Cum
303 3509 337 3569 et
364 3508 479 3570 contra
506 3504 708 3568 voluntatem
735 3524 841 3567 meam
869 3507 902 3567 et
929 3507 1057 3588 praeter
1085 3504 1271 3589 opinionem
1300 3504 1413 3570 acci-1

88 3613 220 3695 disset,
243 3614 281 3676 ut
303 3610 384 3676 mihi
409 3633 484 3676 cum
506 3610 644 3695 imperio
667 3610 702 3674 in
725 3609 926 3694 provinciam
948 3610 1112 3693 proficisci
1134 3633 1264 3676 necesse
1287 3616 1383 3697 esset,

87 3719 135 3783 in
160 3715 276 3782 multis
299 3722 334 3782 ct
357 3716 456 3782 variis
480 3717 639 3782 molestiis
671 3716 989 3802 cogitationibusque
1013 3717 1093 3782 meis
1117 3718 1197 3783 haec
1219 3741 1284 3782 una
1307 3741 1383 3783 con-

10 3829 30 3867 *
84 3824 224 3891 solatio
249 3825 453 3909 occurrebat,
483 3823 568 3908 quod
590 3845 695 3907 neque
719 3823 781 3887 tibi
804 3822 953 3907 amicior,
981 3846 1077 3907 quam
1100 3845 1161 3910 ego
1184 3846 1271 3911 sum,
1298 3825 1384 3910 quis-

77 3953 203 4016 quam
226 3935 338 4014 posset
361 3931 531 3996 succedere
553 3952 658 4014 neque
682 3950 743 4015 ego
768 3930 809 3993 ab
833 3930 901 3994 ullo
924 3931 1125 4014 provinciam
1149 3932 1303 4016 accipere,
1327 3931 1384 4014 qui

75 4037 219 4102 Jnallet
242 4059 315 4101 eam
338 4060 436 4121 quam
459 4035 599 4101 maxime
623 4035 704 4099 mihi
727 4040 839 4120 aptam
857 4035 1114 4120 explicatamque
1134 4038 1274 4122 tradere3
1297 4038 1384 4122 quod

72 4144 130 4208 εἰ
155 4147 193 4207 tu
218 4163 346 4228 quoquc
370 4143 504 4208 eandem
529 4144 568 4208 de
592 4164 664 4206 mea
686 4141 856 4206 voluntate
880 4163 958 4227 erga
981 4146 1013 4207 te
1038 4165 1129 4227 spem
1151 4143 1266 4227 habes,
1290 4165 1328 4207 ea
1351 4147 1383 4207 te

71 4248 252 4333 lirofecto
275 4272 454 4334 numquam
477 4249 580 4314 fallet.
621 4253 655 4313 at
679 4251 711 4312 te
735 4247 877 4312 maximo
906 4271 1003 4332 opere
1030 4272 1089 4333 pro
1117 4253 1230 4314 nostra
1258 4271 1385 4313 summa

10 4356 29 4394 '⁵
85 4355 336 4421 coniunctione
356 4360 476 4440 tuaque
496 4356 654 4442 singulari
673 4353 877 4419 humanitate
901 4355 1000 4422 etiam
1023 4360 1121 4439 atque
1141 4356 1240 4420 etiam
1263 4377 1383 4440 quaeso

194 4553 219 4602 8.
240 4564 275 4602 ex
291 4546 396 4602 litteris
414 4547 471 4602 tuis
491 4549 517 4602 (ι’
531 4550 540 4616 ΙΙ
556 4553 596 4601 10,
617 4546 741 4616 appiada
760 4549 786 4599 o
800 4551 809 4614 ΙΙ
825 4553 865 4601 15.
885 4547 1039 4615 phanniam
1058 4548 1187 4616 M⁰GRl
1203 4552 1243 4604 18.
1263 4547 1305 4619 L.]
1326 4547 1384 4601 lcu-

81 4618 197 4672 tulum
215 4621 242 4671 a
264 4621 273 4688 l
298 4625 339 4674 19.
359 4619 409 4673 sed
427 4618 514 4673 etiam
537 4618 579 4672 ita
603 4617 729 4671 sinonem
747 4617 807 4670 iure
827 4620 853 4672 G
875 4621 885 4686 lt
908 4624 949 4672 22.
970 4617 1082 4687 scripsit
1102 4619 1127 4672 G·
1150 4621 1159 4687 lt
1182 4624 1224 4673 23.
1245 4618 1331 4672 etiam
1349 4622 1384 4688 a,

97 4690 177 4772 (te)
197 4689 285 4772 etiam
304 4692 378 4760 altit
396 4696 439 4744 24.
459 4690 523 4743 uale
543 4689 663 4757 M⁰GR,
682 4706 732 4743 om.
752 4688 797 4741 M¹
816 4691 825 4756 l!
845 4693 887 4743 26.
907 4691 1112 4758 inscriptionem
1130 4706 1180 4745 om.
1200 4690 1228 4744 R
1241 4694 1250 4759 l
1265 4689 1384 4760 impera-

95 4760 168 4830 tori,
188 4779 225 4814 -η
243 4779 277 4816 ex
294 4777 325 4815 re
343 4762 473 4886 M0lq34.
493 4760 620 4843 atteR,
639 4759 724 4815 ιιΜι
742 4776 776 4840 aa
795 4775 812 4811 a
830 4762 866 4828 te,
886 4775 903 4812 a
921 4761 999 4816 teG.
1019 4762 1054 4828 cf.
1069 4761 1383 4834 InrrsotprofodOicp¹

105 4831 393 4925 Rosc.Am.'1lu35.
432 4833 591 4887 umamtate
609 4848 643 4886 en
661 4831 806 4884 humamte
825 4832 875 4884 Μ0

1133 4923 1172 4975 4*
