3286 5460
714 346 750 399 M.
770 344 877 399 TVLLI
896 342 1085 398 CICERONIS

763 561 899 627 xxvn.
935 559 1040 647 (aar.)

700 702 860 771 orcaao
885 702 1048 770 suario
1073 703 1105 770 s.

228 872 239 917 1
351 851 442 916 Licet
461 853 573 916 eodem
592 850 739 934 exemplo
759 848 887 933 saepius
908 847 969 913 ribi
987 847 1084 912 huius
1104 847 1232 933 generis
1251 846 1382 911 litteras
1402 846 1555 930 mittam,

261 983 334 1024 cum
358 959 482 1044 gratias
506 980 618 1044 agam,
642 958 728 1042 quod
752 979 841 1021 meas
865 954 1164 1021 commendationes
1192 959 1262 1020 tam
1289 953 1469 1040 diligenter
1492 955 1557 1018 ob-

261 1089 369 1131 serves
396 1103 433 1112 —
460 1066 547 1149 quod
571 1065 634 1129 feei
656 1064 690 1128 in
722 1064 795 1128 aliis
824 1067 856 1128 et
884 1063 1015 1147 faciam,
1042 1066 1080 1127 nt
1109 1062 1216 1146 video,
1244 1061 1374 1146 saepius
1398 1098 1458 1144 -,
1490 1062 1552 1126 aed

261 1180 372 1238 tamen
395 1196 461 1238 non
484 1194 616 1257 parcam
641 1193 757 1255 operae
782 1175 823 1255 et,
847 1175 884 1236 ut
907 1193 964 1236 vos
989 1169 1103 1236 soletis
1127 1169 1161 1234 in
1180 1168 1339 1252 formulis,
1362 1168 1412 1233 sic
1431 1188 1495 1254 ego
1514 1169 1558 1233 in

226 1300 242 1346 a
263 1281 414 1364 epistulis
438 1299 484 1344 Du
507 1298 628 1344 EADEM
652 1297 696 1343 RE
715 1295 799 1343 Amo
819 1295 928 1344 MODO.
971 1277 1005 1343 C.
1024 1276 1182 1342 Avianius
1204 1276 1308 1362 igitur
1325 1274 1555 1341 Hammonius

262 1387 461 1452 incredibilis
486 1387 566 1451 mihi
582 1384 714 1471 gratias
739 1406 797 1469 per
820 1385 948 1449 litteras
978 1383 1047 1469 egit
1075 1388 1109 1449 et
1132 1405 1191 1448 suo
1216 1387 1249 1448 et
1272 1381 1394 1449 Aemili
1417 1381 1559 1466 Ariani,

262 1493 394 1577 patroni
426 1493 491 1576 sui,
526 1493 671 1557 nomine:
707 1512 766 1556 nec
798 1490 964 1556 liberalius
1001 1513 1061 1556 nec
1092 1489 1360 1556 honorificentius
1398 1488 1555 1574 potuisse

264 1600 398 1663 tractari
422 1621 481 1664 nec
505 1622 539 1664 se
563 1604 766 1683 praesentem
788 1621 848 1664 nec
867 1621 936 1663 rem
956 1597 1150 1664 familiarem
1170 1598 1315 1684 apsentis
1333 1597 1469 1683 patroni
1490 1596 1554 1662 aui.
1578 1619 1589 1657 1

264 1707 296 1769 id
325 1704 405 1769 mihi
435 1728 508 1770 cum
536 1706 713 1771 iucundum
743 1711 795 1772 est
827 1728 939 1771 eorum
972 1727 1082 1790 causa,
1115 1727 1196 1790 quoa
1229 1705 1291 1769 tibi
1324 1724 1386 1789 ego
1420 1726 1551 1770 summa

263 1812 501 1877 necessitudine
516 1817 549 1878 et
565 1835 692 1877 summa
711 1813 939 1879 coniunctione
957 1813 1115 1878 adductus
1130 1812 1443 1898 commendaveram,
1462 1811 1550 1897 quod

264 1919 306 1983 M.
327 1919 486 1984 Aemilius
510 1942 593 1985 unus
618 1925 668 1985 est
691 1943 730 1984 ex
753 1920 835 1985 meis
857 1919 1124 1985 familiarissimis
1143 1925 1242 2004 atque
1262 1920 1387 1984 intimis
1407 1919 1545 1984 maxime

264 2028 480 2110 necessarius,
512 2028 611 2093 homo
645 2031 678 2092 et
711 2027 838 2113 magnis
871 2028 952 2092 meis
985 2027 1151 2092 beneficiis
1184 2027 1351 2092 devinctus
1380 2031 1415 2092 et
1446 2047 1545 2111 prope

265 2135 420 2218 omnium,
444 2136 500 2219 qui
523 2135 604 2199 mihi
626 2135 743 2199 debere
767 2134 892 2220 aliquid
916 2134 1076 2219 videntur,
1099 2135 1323 2221 gratissimus,
1347 2138 1419 2198 tum
1443 2133 1576 2198 multon

264 2242 434 2307 iucundius
459 2245 491 2306 te
515 2264 584 2306 esse
608 2243 643 2306 in
665 2265 717 2306 me
742 2242 802 2307 tali
825 2242 1011 2327 voluntate,
1034 2246 1071 2307 ut
1093 2242 1168 2326 plus
1187 2242 1294 2327 prosis
1319 2239 1434 2306 amicis
1459 2240 1547 2324 meis,

266 2373 364 2433 qoam
383 2371 443 2435 ego
463 2371 617 2434 praesens
636 2350 776 2414 fortasse
795 2350 993 2435 prodessem,
1017 2349 1123 2430 credo,
1146 2349 1232 2433 quod
1251 2349 1357 2435 magis
1376 2368 1439 2435 ego
1459 2347 1548 2413 dubi·

231 2463 383 2540 starem,
411 2456 489 2540 quid
512 2457 645 2522 illorum
672 2479 770 2522 causa
796 2457 950 2536 facerem,
979 2478 1077 2542 quam
1103 2460 1155 2541 tu,
1184 2456 1262 2541 quid
1284 2477 1366 2521 mea
1408 2454 1466 2520 sed
1489 2453 1549 2520 hoo

266 2586 332 2628 non
355 2564 468 2628 dubito
493 2564 571 2647 quin
595 2563 760 2628 existimes
784 2563 865 2628 mihi
890 2586 960 2628 esse
980 2567 1124 2649 gratum:
1147 2562 1229 2628 illud
1248 2567 1281 2628 te
1300 2583 1393 2648 rogo,
1416 2567 1455 2626 ut
1474 2561 1548 2626 illos

268 2691 395 2754 quoque
415 2675 528 2754 gratos
548 2693 617 2736 esse
637 2670 786 2736 homines
805 2675 911 2755 putes,
930 2671 1016 2755 quod
1034 2670 1084 2735 ita
1102 2692 1172 2735 esse
1192 2669 1253 2734 tibi
1271 2668 1431 2753 promitto
1451 2673 1550 2753 atque
1564 2688 1587 2725 ευ

268 2778 432 2842 confirmo.
475 2800 574 2861 quare
598 2779 705 2860 velim,
729 2777 883 2862 quiequid
905 2776 1028 2842 habent
1051 2777 1187 2865 negotii,
1209 2778 1265 2842 dea
1290 2798 1439 2862 operam,
1465 2777 1551 2860 quod
1583 2841 1587 2851 ,

233 2909 249 2955 4
269 2886 439 2951 commodo
459 2889 517 2949 tuo
537 2886 606 2971 fiat,
625 2890 662 2950 ut
681 2891 713 2950 te
733 2885 901 2969 optinente
918 2884 1079 2950 Achaiam
1098 2882 1280 2951 conficiant.
1317 2904 1379 2969 ego
1399 2905 1475 2948 eum
1494 2887 1552 2947 tuo

270 2991 382 3056 Servio
402 2992 633 3058 iucundissime
653 2991 917 3059 coniunctissime
936 2992 1009 3058 vivo
1028 3014 1244 3079 magnamque
1264 3013 1338 3056 cnm
1357 3012 1398 3056 ex
1418 2990 1552 3076 ingenio

270 3099 338 3163 eius
355 3096 575 3184 singularique
591 3099 709 3185 studio,
724 3103 795 3164 tum
807 3121 845 3164 ex
862 3099 983 3165 virtute
999 3104 1033 3164 et
1046 3098 1212 3185 probitate
1227 3098 1432 3183 voluptatem
1449 3097 1551 3182 capio.

763 3311 917 3378 rxvm.
953 3310 1057 3400 (aaa.)
1566 3329 1591 3369 2⁵

711 3454 871 3522 cronno
897 3454 1057 3522 sacvro
1082 3455 1115 3522 s.

238 3623 249 3671 1
360 3600 434 3664 Etsi
458 3599 597 3664 libenter
620 3605 731 3684 petere
755 3623 774 3664 a
797 3604 829 3664 te
854 3600 961 3684 soleo,
984 3600 1012 3663 si
1036 3600 1114 3684 quid
1138 3620 1219 3684 opus
1242 3602 1293 3664 eat
1316 3619 1467 3663 meorum
1491 3598 1555 3665 cui-

271 3710 372 3794 piam,
401 3711 511 3771 tamen
538 3707 643 3770 multo
667 3707 824 3772 libentius
848 3707 971 3792 gratias
995 3706 1056 3771 tibi
1085 3727 1163 3792 ago,
1190 3727 1263 3770 eum
1290 3704 1400 3770 fecisti
1428 3705 1555 3791 aliquid

273 3814 552 3880 commendatione
577 3836 650 3878 mea
667 3815 815 3899 -quod
841 3835 968 3898 semper
991 3813 1072 3878 facis
1091 3839 1148 3898 —3
1170 3810 1360 3878 incredibile
1384 3817 1436 3878 est
1459 3813 1573 3897 enim,

274 3945 354 4006 quas
378 3920 458 3984 mihi
483 3921 606 4006 gratias
631 3943 741 3986 omnes
765 3924 879 4006 agant,
902 3921 1002 3985 etiam
1025 3920 1233 3985 mediocriter
1256 3941 1275 3983 a
1298 3941 1349 3983 me
1377 3918 1440 3983 tibi
1471 3937 1593 3985 com-³⁰

274 4029 429 4111 mandati,
453 4049 534 4110 quae
559 4028 638 4091 mihi
664 4029 773 4092 omnia
796 4033 905 4112 grata,
936 4027 1053 4092 sedda
1077 4026 1112 4090 L.
1132 4026 1289 4092 Mescinio
1314 4025 1556 4112 gratissimam3

365 4229 388 4275 t.
409 4220 479 4274 alios
500 4220 561 4273 HD
584 4220 624 4289 (D
643 4238 676 4275 ex
694 4223 775 4289 corr.)
801 4223 810 4288 ΙΙ
843 4228 866 4275 6.
891 4224 923 4274 ut
945 4238 994 4275 vos
1019 4221 1115 4275 soletis
1135 4221 1287 4288 Victor-ius,
1313 4221 1346 4273 ut
1368 4218 1474 4274 uoletis
1494 4221 1557 4274 MD

276 4293 364 4345 (uolet
382 4292 406 4344 is
426 4292 475 4358 D¹,
496 4291 543 4343 Μ’
563 4294 593 4344 ia
612 4310 677 4362 rap:
697 4291 732 4346 al.
753 4291 850 4362 uidet),
871 4295 902 4346 ut
921 4292 1024 4347 uidetis
1040 4292 1078 4348 H.
1110 4299 1195 4361 potest
1213 4293 1274 4359 ficri
1293 4298 1325 4345 ut
1343 4292 1374 4344 in
1393 4290 1499 4345 uoletis
1514 4293 1557 4345 cil

276 4367 359 4418 (artent
373 4366 429 4417 nisi
442 4380 492 4415 nos
508 4365 557 4425 (sic
572 4365 598 4431 ς)
611 4365 622 4444 l
637 4368 659 4416 7.
680 4381 702 4417 c.
723 4363 853 4417 auianius
868 4365 909 4431 M,
925 4363 1052 4417 caninius
1068 4365 1129 4419 HD
1141 4365 1151 4434 l
1165 4367 1189 4417 8.
1209 4361 1312 4416 Aemili
1326 4361 1443 4433 Aviani]
1461 4361 1556 4417 aemili

276 4434 420 4488 arianismi
436 4436 477 4501 M,
497 4433 624 4521 ,emiliam
642 4434 700 4488 HD
719 4437 761 4501 (aa
775 4454 825 4505 rap.
841 4435 899 4489 D²=
919 4435 954 4489 al.
971 4435 1065 4488 Emuli
1079 4434 1202 4503 Auiani).
1231 4432 1345 4487 Aemilii
1358 4432 1476 4487 Arianii
1487 4436 1540 4488 alii

277 4530 316 4576 13.
338 4527 423 4592 atque
443 4523 549 4576 intimis
570 4525 614 4590 M,
635 4541 667 4576 ac
686 4523 801 4577 intumis
822 4524 883 4578 HD
904 4526 914 4593 ΙΙ
937 4529 978 4576 20.
999 4540 1060 4576 esse
1078 4521 1205 4576 homines
1224 4524 1271 4587 M,
1290 4520 1419 4576 homines
1438 4538 1501 4577 esse
1518 4522 1555 4591 D,

277 4595 401 4648 homines
417 4596 448 4648 Il
461 4598 469 4664 ll
484 4600 526 4649 23.
546 4595 746 4648 iucundissime
763 4594 990 4648 coniunctissime
1006 4596 1046 4658 M,
1066 4594 1119 4648 inc.
1136 4597 1164 4648 et
1178 4594 1248 4649 coni.
1265 4594 1332 4660 HD,
1353 4593 1556 4648 iucundissimo

277 4666 503 4720 coniunctissime
518 4669 570 4720 alii
584 4669 629 4732 (cf.
641 4667 931 4747 A'dpelsbacb-Mrillcr
946 4668 1004 4721 ‘lat
1016 4667 1088 4720 Stil’
1102 4686 1131 4735 p.
1142 4669 1222 4734 315a)
1236 4668 1245 4733 ss
1260 4671 1302 4720 ⁸24.
1322 4664 1413 4734 rapio,
1433 4666 1498 4720 uale
1511 4667 1540 4720 D

277 4743 318 4789 27.
340 4744 380 4790 ⁴28.
401 4737 524 4805 cuipiam
543 4739 612 4804 HD,
632 4755 743 4806 cup1am
763 4738 800 4791 M
818 4741 828 4805 l
851 4743 891 4792 31.
912 4741 995 4807 grata
1014 4740 1090 4804 sunt,
1111 4738 1145 4791 de
1164 4745 1189 4793 et
1208 4740 1290 4807 grata
1310 4735 1433 4810 <sunt>,
1453 4736 1504 4792 aed
1523 4738 1557 4791 de

286 4809 440 4878 Wesenberg
459 4813 503 4875 (cs.
525 4812 583 4864 ‘eoa
603 4811 662 4863 alt’
680 4830 709 4879 p.
725 4813 817 4878 43sp.)
