3286 5460
204 374 247 438 92
656 376 693 430 M.
712 374 820 429 TVLLI
837 374 1026 430 clemacius

203 542 241 602 ut
263 538 304 601 ab
328 537 468 603 Athenis
491 539 526 602 in
549 538 720 604 Boeotiam
744 539 825 603 irem
849 539 1072 623 reliquamque
1096 536 1355 602 iurisdictionem
1379 535 1480 601 absol·

205 665 326 728 verem,
353 644 421 727 ille,
449 649 485 709 ut
512 645 635 728 aiebat,
663 667 762 729 supra
789 645 892 710 maias
917 644 950 708 in
973 643 1105 709 Italiam
1131 664 1241 708 versus
1268 642 1480 728 navigaturus

169 755 283 815 aeret.
324 756 401 835 post
428 752 512 816 diem
543 753 678 817 tertium
705 752 775 816 eius
804 750 881 836 diei,
914 774 987 816 cum
1015 751 1056 816 ab
1087 749 1226 816 Athenis
1258 738 1478 834 proficisci'in

204 859 311 923 animo
331 858 492 943 haberem,
515 860 645 951 circiter
662 860 744 924 hora
762 857 888 924 decima
910 859 1017 924 noctis
1036 858 1072 922 P.
1087 857 1288 941 Postumius,
1309 855 1479 922 familiaris

203 966 285 1050 eius,
316 967 355 1030 ad
383 988 434 1029 me
462 966 552 1030 venit
575 970 608 1030 et
638 966 719 1030 mihi
746 965 911 1031 nuntiavit
939 964 981 1029 M.
1005 964 1211 1049 Marcellum,
1241 963 1401 1050 collegam
1428 984 1514 1028 nea

203 1078 317 1158 strum,
337 1078 411 1157 post
431 1095 527 1137 cenae
547 1077 675 1157 tempus
696 1095 714 1137 a
732 1071 768 1136 P.
788 1071 899 1158 Magio
919 1069 1042 1156 Cilone,
1060 1070 1221 1137 familiare
1242 1071 1322 1155 eius,
1340 1070 1479 1156 pugione

202 1201 391 1264 percussum
415 1202 485 1244 esse
508 1184 542 1243 et
566 1179 628 1243 duo
652 1180 786 1244 vulnera
809 1180 985 1265 accepisse,
1015 1202 1116 1244 unum
1138 1178 1174 1244 in
1197 1178 1383 1263 stomacho,
1405 1177 1480 1242 alte·

202 1309 274 1350 rum
297 1286 331 1351 in
356 1287 461 1370 capite
490 1286 666 1361 secundum
690 1308 814 1371 aurem,
842 1309 972 1371 sperare
1000 1291 1112 1351 tamen
1138 1308 1212 1351 eum
1240 1284 1348 1350 vivere
1372 1306 1480 1370 posse,

203 1392 350 1478 Magium
374 1416 408 1458 se
431 1393 539 1478 ipsum
558 1393 759 1459 interfecisse
778 1398 907 1478 postea,
931 1415 966 1458 se
989 1415 1009 1456 a
1031 1391 1187 1458 Marcello
1210 1393 1251 1456 ad
1273 1414 1325 1457 me
1344 1391 1480 1457 missum

203 1522 282 1583 esse,
305 1501 361 1585 qui
379 1500 459 1565 haee
478 1500 645 1564 nuntiaret
665 1505 698 1565 et
717 1506 858 1587 rogaret,
880 1501 931 1564 uti
955 1499 1097 1565 medicos
1117 1500 1146 1564 ei
1165 1500 1340 1565 mitterem.
1370 1499 1480 1584 itaque
1493 1520 1515 1559 a

203 1607 345 1673 medicos
378 1608 469 1693 coegi
499 1613 532 1672 et
559 1631 576 1695 e
605 1607 746 1695 vestigio
775 1630 813 1672 eo
841 1630 914 1672 sum
946 1606 1113 1692 profectus
1147 1606 1255 1690 prima
1287 1607 1367 1671 luce.
1409 1627 1480 1671 cum

202 1734 268 1777 non
292 1714 388 1799 longe
412 1738 431 1779 a
455 1714 570 1780 Piraeo
595 1715 756 1798 abessem,
779 1737 859 1799 puer
882 1712 1013 1778 Acidini
1037 1713 1168 1779 obviam
1191 1712 1271 1777 mihi
1296 1712 1387 1778 venit
1409 1735 1479 1778 cum

203 1819 375 1904 codicillis,
407 1822 441 1886 in
469 1822 587 1905 quibus
620 1827 692 1886 erat
722 1822 895 1905 scriptum,
927 1819 1024 1905 paulo
1053 1824 1128 1884 ante
1156 1820 1262 1885 lucem
1290 1818 1480 1885 Marcellum

202 1926 287 1990 ‹liem
316 1950 410 1993 suum
434 1929 550 1993 obisse.
594 1929 643 1993 ita
665 1930 715 1993 vir
739 1929 938 1994 clarissimus
967 1928 1008 1992 ab
1036 1927 1168 1992 homine
1197 1925 1374 1991 deterrimo
1397 1948 1480 1992 acer·

202 2034 348 2099 bissuma
381 2040 484 2101 morte
517 2040 567 2100 est
600 2036 762 2119 adfectus,
794 2040 843 2117 et,
876 2034 928 2099 cui
960 2033 1084 2099 inimici
1117 2038 1254 2119 propter
1284 2030 1479 2119 dignitatem
1492 2052 1513 2092 ιε

163 2159 179 2205 3
198 2147 419 2227 pepercerant,
439 2143 590 2208 inventus
611 2147 661 2207 est
680 2143 813 2225 amicus,
832 2141 887 2225 qui
907 2142 937 2206 ei
956 2147 1096 2206 mortem
1111 2139 1251 2206 offerret.
1288 2161 1350 2226 ego
1370 2145 1478 2205 tamen

199 2249 238 2312 ad
272 2248 516 2315 tabernaculum
550 2250 619 2314 eius
652 2248 794 2333 perrexi:
833 2249 943 2314 inveni
974 2249 1056 2313 duos
1088 2247 1224 2312 libertos
1257 2251 1291 2312 at
1322 2248 1479 2332 pauculos

198 2377 324 2442 servos,
348 2358 491 2441 reliquos
515 2356 647 2421 aiebant
670 2356 856 2441 profugisse
880 2359 970 2420 metu
993 2354 1195 2440 perterritos,
1219 2354 1306 2437 quod
1329 2353 1478 2418 dominus

198 2484 311 2526 eorum
335 2470 410 2528 ante
434 2463 680 2528 tabernaculum
709 2464 901 2528 interfectus
930 2467 1024 2528 esset.
1066 2466 1198 2528 coactus
1222 2482 1295 2525 snm
1313 2461 1348 2524 in
1368 2460 1478 2525 eadem

198 2568 255 2633 illa
283 2570 411 2653 lectica,
445 2592 509 2654 qua
536 2571 606 2654 ipse
633 2569 761 2633 ¹delatus
790 2592 893 2653 eram,
927 2569 1071 2653 meisque
1099 2566 1274 2632 lecticariis
1302 2566 1337 2630 in
1364 2567 1514 2632 urbemn

198 2698 271 2739 eum
295 2676 424 2758 referre,
447 2677 559 2760 ibique
581 2698 641 2760 pro
665 2698 703 2741 ea
728 2676 830 2761 copia,
854 2698 935 2761 quae
954 2674 1095 2740 Athenis
1119 2678 1198 2758 erat,
1220 2673 1319 2738 funus
1343 2674 1374 2738 ei
1398 2672 1477 2738 satis

198 2782 342 2865 amplum
361 2782 545 2848 faciendum
564 2784 683 2847 curavi.
718 2784 758 2848 ab
773 2783 1040 2866 Atheniensibus,
1058 2781 1167 2847 locum
1185 2780 1373 2865 sepulturae
1392 2781 1477 2845 intra

197 2887 310 2951 urbem
334 2893 371 2952 ut
394 2889 520 2973 darent,
547 2890 721 2974 impetrare
745 2913 810 2955 non
834 2889 943 2974 potui,
974 2888 1059 2972 quod
1087 2886 1245 2974 religione
1269 2909 1304 2952 se
1326 2887 1477 2973 impediri

199 2993 356 3075 dicerent,
379 3017 483 3078 neque
506 2999 617 3060 tamen
641 2996 674 3059 id
698 3001 793 3060 antea
817 2996 969 3080 cuiquam
992 2999 1234 3061 concesserant:
1262 2994 1350 3079 quod
1372 2993 1477 3079 proxi·

199 3121 288 3163 mum
311 3098 388 3183 fuit,
417 3101 467 3164 uti
491 3101 524 3165 in
549 3124 612 3186 quo
641 3102 796 3167 vellemus
825 3102 996 3189 gymnasio
1025 3124 1099 3166 eum
1129 3102 1355 3185 sepeliremus,
1381 3099 1476 3166 nobis
1489 3120 1562 3160 rs·-

198 3206 423 3289 permiserunt.
460 3230 520 3272 nos
539 3208 574 3271 in
592 3209 799 3274 nobilissimo
819 3209 892 3275 orbi
911 3213 1073 3273 terrarum
1092 3207 1264 3294 gymnasio
1283 3206 1477 3273 Academiae

198 3314 305 3377 locum
329 3313 507 3398 delegimus
531 3316 641 3400 ibique
665 3339 738 3380 eum
763 3315 990 3381 conbussimus
1013 3319 1192 3400 posteaque
1215 3315 1415 3398 curavimus,
1441 3317 1478 3378 ut

197 3419 300 3484 eidem
326 3420 541 3487 Athenienses
565 3423 600 3488 in
623 3424 736 3488 codem
759 3425 832 3488 loco
863 3428 1109 3489 monumentum
1133 3423 1163 3486 ei
1191 3443 1411 3488 marmoreum
1434 3422 1478 3486 fa·

285 3692 309 3739 a’.
328 3684 377 3738 ille
403 3686 447 3752 M,
472 3686 532 3756 ipse
555 3686 604 3740 ille
626 3687 680 3742 GR
702 3691 712 3754 11
735 3689 767 3740 ut
790 3686 886 3741 aiebat
907 3688 974 3755 GR,
998 3686 1110 3740 utiebat
1128 3686 1165 3739 M
1183 3688 1193 3756 u
1216 3700 1301 3754 snpra
1322 3684 1415 3739 maias
1434 3684 1477 3753 M,

196 3772 281 3824 supra
300 3756 355 3810 kal.
376 3756 466 3810 maias
487 3758 554 3824 GR,
578 3774 664 3827 supra
681 3760 777 3828 (super
799 3758 966 3829 Wesershcrp)
985 3757 1112 3811 Maleam
1127 3759 1168 3813 ael
1186 3756 1294 3811 Maleas
1313 3757 1354 3812 vel
1372 3754 1477 3811 Malim

196 3830 247 3883 (ita
271 3828 428 3882 dubitanter
446 3828 523 3882 Riihl
549 3829 693 3899 ‘Ko'rripsb
717 3831 787 3884 wisa.
808 3830 967 3884 Moriatsblf
988 3829 1034 3884 Vl.
1056 3828 1325 3910 1818.p.27)a1ii,
1347 3827 1402 3882 sub
1420 3824 1477 3881 Ka·

195 3896 294 3951 lendes
313 3899 460 3965 Streiclrer,
486 3902 565 3953 ‘colite
589 3902 805 3968 improbabiliter
832 3902 841 3967 ΙΙ
868 3899 897 3954 in
917 3899 1027 3954 italiam
1048 3901 1121 3967 MG,
1145 3899 1257 3953 ltaliam
1275 3899 1304 3954 R
1330 3899 1340 3967 Ι
1368 3904 1393 3952 3.
1411 3899 1479 3968 post

196 3967 270 4022 diem
290 3969 404 4023 tortium
424 3970 574 4037 Victorias,
598 3969 764 4040 postridiem
783 3971 899 4026 tertium
918 3972 991 4041 MR,
1017 3974 1082 4041 post
1100 3969 1218 4024 tercium
1238 3968 1313 4023 diem
1334 3970 1359 4024 G
1383 3973 1394 4038 Ι
1416 3968 1478 4023 eius

196 4040 241 4093 dei
261 4041 320 4107 ΜΙΙ
341 4048 365 4096 4.
385 4041 483 4094 horam
502 4041 640 4095 decimam
659 4042 687 4097 R
704 4046 714 4111 [l
731 4043 761 4097 P.
781 4043 824 4111 M,
844 4061 894 4098 orer.
916 4043 971 4098 GR
992 4046 1002 4111 [Ι
1024 4048 1049 4097 ὁ.
1069 4042 1106 4096 M.
1126 4060 1176 4096 om.
1196 4042 1224 4096 R
1237 4045 1247 4107 ΙΙ
1260 4038 1427 4095 marcellum
1445 4043 1479 4095 ia

196 4130 246 4182 τηρ.
267 4111 307 4165 R¹
326 4113 335 4179 ΙΙ
354 4117 377 4166 6.
398 4128 415 4164 a
433 4112 463 4167 P.
480 4112 575 4181 Magio
594 4112 703 4184 Cilone]
724 4114 801 4183 apud
820 4114 913 4184 magio
934 4117 977 4183 (ex
995 4112 1101 4184 maigio
1120 4131 1154 4167 m.
1171 4116 1197 4180 1)
1217 4111 1308 4166 cilone
1327 4112 1374 4179 M,
1400 4110 1479 4182 apud

195 4183 317 4236 macium
332 4187 337 4250 Ι
353 4183 450 4236 urbem
479 4185 538 4253 (hoc
561 4204 584 4238 v.
608 4202 668 4254 exp.
692 4203 726 4240 m.
748 4191 774 4251 1)
803 4185 923 4240 cilonem
948 4186 987 4253 G,
1016 4185 1092 4254 apud
1119 4201 1253 4253 magnum
1281 4181 1404 4237 cilonem
1426 4183 1456 4238 R
1468 4184 1478 4253 l*

195 4253 336 4308 familiare
356 4256 401 4322 M,
426 4270 487 4308 -em
508 4256 573 4322 GR,
599 4254 625 4308 -i
644 4272 667 4312 ς.
698 4258 732 4323 cf.
754 4258 863 4311 Olearia.
879 4276 908 4326 p.
926 4262 976 4309 130
992 4257 1027 4311 K.
1043 4259 1052 4323 ΙΙ
1073 4261 1097 4310 8.
1118 4270 1213 4308 aurem
1232 4272 1266 4309 ea·
1284 4270 1384 4307 aurum
1404 4254 1456 4308 Μο
1470 4256 1479 4323 Γ

195 4325 302 4394 sperari
320 4328 418 4380 Baiter
441 4328 449 4393 ΙΙ
473 4333 497 4380 9,
516 4343 651 4394 magnum
672 4328 719 4392 Gn
737 4345 782 4381 me
801 4345 851 4383 cm.
870 4328 911 4383 R¹
935 4334 943 4398 ΙΙ
970 4334 1009 4382 10.
1030 4326 1056 4381 ei
1075 4325 1216 4380 mitterem
1235 4325 1332 4394 itaque
1349 4323 1478 4381 medicos

194 4414 244 4452 cra.
266 4398 299 4449 M
311 4402 320 4466 ΙΙ
336 4403 376 4451 12.
396 4397 492 4466 piraeo
513 4397 557 4465 M,
582 4397 660 4467 pireo
682 4400 748 4467 GR,
771 4398 884 4480 piraeeo
909 4403 1004 4464 ς1113.
1027 4397 1125 4467 paullo
1145 4401 1184 4467 ςΙΙ
1199 4403 1240 4452 14,
1262 4402 1302 4451 16.
1323 4395 1477 4451 deterrimo

196 4467 386 4522 acerbissuma
405 4469 467 4536 ΜΓ,
494 4469 686 4523 deterromodo
706 4470 796 4523 serbis
816 4488 897 4524 suma
916 4471 961 4536 M,
986 4468 1135 4524 deterrimo
1154 4471 1214 4539 (tet.
1237 4470 1273 4538 G)
1292 4466 1478 4522 acerbissima

198 4539 252 4592 GR
265 4544 274 4604 u
290 4544 331 4595 16.
351 4543 535 4610 pepercerunt
555 4542 609 4596 (r'R
623 4546 632 4607 ΙΙ
646 4540 758 4595 offerret
776 4559 809 4596 ea
828 4541 874 4596 aff.
893 4542 935 4596 R¹
954 4544 962 4608 ΙΙ
983 4548 1022 4596 11.
1042 4557 1147 4610 paucos
1167 4541 1195 4594 R
1213 4542 1222 4608 l
1242 4544 1283 4594 18.
1303 4538 1422 4593 aiebant
1439 4539 1476 4607 R,

196 4610 320 4678 agebant
339 4611 399 4665 ΜΟ
413 4615 422 4677 ΙΙ
436 4617 478 4666 20.
499 4611 604 4666 dilatus
624 4613 661 4665 M
673 4615 681 4680 ΙΙ
695 4611 764 4666 meis
786 4614 812 4666 G
825 4615 834 4680 l
848 4618 890 4667 21.
911 4614 995 4683 quae]
1016 4629 1071 4681 quo
1092 4611 1161 4679 ΜΘ,
1181 4611 1257 4679 quod
1274 4610 1302 4664 R
1317 4614 1326 4679 l
1339 4615 1383 4664 25.
1403 4609 1475 4679 gim-

195 4681 275 4734 nasio
297 4682 351 4736 GR
370 4683 448 4750 (Mf),
468 4682 579 4751 ginaaio
601 4686 634 4736 M
653 4687 662 4752 l
683 4689 724 4737 26.
745 4682 806 4737 orbi
825 4684 872 4751 M,
892 4684 967 4738 orbis
985 4685 1047 4738 GR.
1075 4685 1110 4750 cf.
1131 4682 1254 4737 &tmoli
1268 4700 1299 4752 p.
1314 4685 1366 4734 118
1380 4684 1391 4749 Ι
1404 4679 1474 4751 gim-

195 4750 275 4804 nasio
295 4755 321 4805 a
343 4756 353 4821 ΙΙ
376 4760 418 4807 27.
438 4756 591 4823 posteaque
617 4770 766 4808 curaumus
785 4756 846 4823 (aie)
866 4757 896 4807 in
914 4773 969 4809 ros.
993 4756 1039 4808 ‚110
1062 4756 1229 4823 (posteaque
1248 4752 1409 4807 curanimna
1426 4752 1472 4822 P),

194 4825 294 4891 postea
313 4839 423 4891 quoque
443 4825 603 4879 curauimus
624 4826 679 4880 GR
692 4827 702 4893 l
716 4832 758 4879 28.
778 4824 870 4879 eidem
890 4827 961 4894 MR,
979 4826 1056 4881 idem
1076 4827 1103 4880 G
