3314 5460
201 372 270 436 444
441 372 479 428 Μ.
498 371 606 429 TVLLI
624 371 815 430 CICERONIS
834 372 1091 429 EPISTVLARVM
1110 371 1181 427 XVI.
1201 377 1243 427 27.

703 587 839 654 xxvn.
873 589 975 676 (354.)
1097 669 1102 678 .

498 732 532 809 o.
553 730 712 799 cronno
735 730 891 798 nnorn
916 730 1000 799 svo
1026 731 1057 797 s.
1082 700 1118 797 ἰ).
1145 732 1183 797 n.

168 893 179 939 1
292 874 466 942 Mirificam
493 876 539 940 mi
562 875 821 940 verberationem
849 875 1040 942 cessationis
1069 876 1211 960 epistula
1238 876 1371 962 dedisti3
1395 898 1486 961 nam,

200 1006 284 1070 quae
300 982 428 1067 parcius
445 982 547 1047 frater
564 982 807 1067 perscripserat,
826 982 1019 1049 verecundia
1033 982 1184 1048 videlicet
1198 987 1231 1047 et
1244 984 1487 1067 properatione,

203 1112 241 1154 ea
262 1095 299 1155 tu
323 1090 392 1155 sine
416 1089 655 1174 adsentatione,
682 1092 720 1154 ut
742 1093 851 1174 eraut,
879 1089 920 1155 ad
943 1112 995 1154 me
1018 1087 1194 1174 scripsisti,
1224 1094 1258 1154 et
1280 1089 1421 1154 maxime
1446 1091 1486 1155 de
1517 1111 1532 1152 s

202 1218 266 1262 cos.
303 1195 499 1282 designatis,
536 1216 618 1280 quos
656 1216 717 1282 ego
754 1196 885 1281 penitus
921 1196 998 1262 novi
1035 1195 1208 1261 libidinum
1244 1201 1277 1260 et
1314 1195 1486 1282 languoris

200 1302 471 1367 effeminatissimi
502 1301 602 1367 animi
634 1303 762 1387 plenos,
795 1303 851 1387 qui
877 1302 942 1367 nisi
970 1325 990 1366 a
1017 1302 1248 1389 gubernaculis
1280 1303 1487 1385 recesserint,

165 1407 379 1474 amaximum
401 1409 442 1473 ab
466 1409 617 1474 universo
641 1408 812 1494 naufragio
836 1407 1016 1493 perieulum
1040 1411 1099 1473 est.
1141 1408 1372 1493 incredibilest,
1400 1431 1486 1492 quae

201 1536 262 1601 ego
286 1515 360 1579 illos
390 1515 458 1579 scio
488 1515 648 1599 oppositis
674 1513 844 1580 Gallorum
870 1515 986 1580 castris
1015 1515 1049 1579 in
1077 1513 1210 1580 aestivis
1239 1514 1368 1600 fecisse,
1402 1536 1488 1599 quos

200 1621 256 1686 ille
284 1621 384 1704 latro,
414 1621 480 1686 nisi
508 1619 630 1705 aliquid
661 1622 787 1685 firmius
816 1620 928 1704 fuerit,
961 1619 1118 1686 societate
1147 1621 1301 1686 vitiorum
1332 1612 1486 1688 deleniet
1505 1647 1533 1684 ro

201 1751 252 1793 res
276 1731 326 1792 est
350 1732 407 1792 aut
430 1728 615 1793 tribuniciis
635 1731 693 1793 aut
710 1727 849 1813 privatis
871 1726 1017 1793 consiliis
1036 1727 1224 1812 munienda,
1247 1750 1324 1793 nam
1343 1729 1401 1793 isti
1421 1729 1487 1795 duo

201 1834 255 1898 vix
279 1838 355 1899 sunt
378 1833 478 1920 digni,
501 1835 619 1919 quibus
642 1835 739 1899 alteri
758 1833 945 1918 Caesenam,
968 1834 1063 1898 alteri
1083 1832 1353 1901 Cossutianarum
1376 1836 1489 1901 taber·

201 1962 318 2006 narum
342 1940 554 2005 fundamenta
577 1941 695 2006 eredas.
737 1945 784 2025 te,
814 1945 852 2005 ut
875 1940 955 2025 dixi,
982 1940 1052 2005 fero
1081 1941 1193 2006 oculis.
1234 1963 1295 2027 ego
1319 1963 1378 2007 vos
1403 1965 1432 2006 a
1457 1943 1489 2011 d.

200 2153 320 2239 videro,
343 2154 554 2218 dissaviabor.
595 2176 646 2219 me
671 2176 752 2219 ama
794 2153 873 2219 vale.
1504 2179 1532 2219 15

286 2352 310 2401 2.
331 2345 363 2412 Q.
382 2347 424 2412 Μ,
443 2363 493 2402 om.
510 2347 623 2417 nunu
637 2351 661 2400 3.
681 2345 751 2400 mihi
770 2346 945 2417 slepiatola
963 2347 1055 2421 (tua)
1075 2348 1235 2418 Wesenberg
1248 2351 1257 2415 l
1271 2351 1295 2400 ὁ.
1314 2349 1346 2401 tu
1362 2364 1417 2403 om.
1436 2349 1488 2431 Γ.)

196 2416 361 2472 adsertione
380 2418 418 2472 M
431 2419 441 2486 ΙΙ
462 2421 486 2473 ὁ,
506 2425 530 2472 o.
550 2418 585 2472 de
604 2434 659 2473 cos.
680 2418 721 2486 M,
740 2418 775 2472 de
794 2417 956 2472 consulibus
975 2419 1012 2488 D,
1031 2435 1102 2488 quos
1123 2419 1186 2473 ΡΗ
1204 2421 1214 2488 l
1236 2423 1260 2474 6.
1279 2416 1403 2472 libinum
1423 2420 1464 2474 M
1476 2425 1487 2490 ιε

198 2492 221 2543 7.
241 2487 328 2542 animi
342 2507 393 2544 om.
407 2489 459 2559 Di
473 2493 497 2543 8.
517 2488 682 2543 incredibile
697 2491 741 2543 est
756 2490 847 2544 ΓΗΒ
860 2492 899 2561 119
928 2489 985 2544 scio
1001 2490 1072 2559 MD,
1091 2508 1141 2545 om.
1159 2489 1227 2544 Fri.
1259 2488 1347 2544 sciam
1368 2490 1485 2546 Wesen-

123 2582 126 2587 ’
197 2561 259 2641 terp
271 2562 281 2628 ΙΙ
296 2565 337 2614 10.
356 2559 450 2613 firmus
470 2559 535 2613 ΓΗ
544 2562 554 2629 ΙΙ
567 2559 691 2614 deleniat
709 2560 749 2622 Μ,
770 2559 888 2615 deliniet
908 2560 1024 2631 mnu
1046 2567 1085 2616 11.
1105 2559 1253 2615 tribunicia
1271 2561 1309 2615 Μ
1325 2562 1335 2631 ll
1354 2566 1399 2616 12.
1419 2577 1484 2617 oos-

196 2633 371 2684 sutranarum
391 2631 435 2696 M,
463 2647 532 2699 quos
556 2631 731 2685 sutiauarum
752 2630 842 2685 mn
868 2634 878 2701 11
906 2636 947 2687 13.
967 2631 1026 2686 fero
1045 2631 1118 2706 <in>
1141 2631 1230 2687 oculis
1249 2632 1378 2699 Ernesti,
1407 2633 1484 2690 bene.

196 2703 231 2766 cf.
249 2702 311 2756 Otto
331 2702 471 2769 ‘spriritu
486 2704 513 2758 d.
528 2702 576 2758 Μ’
594 2707 690 2771 12249
713 2705 717 2772 Ι
746 2707 787 2757 15.
807 2701 1003 2757 dissueviabor
1022 2720 1039 2761 ς
1057 2710 1083 2758 et
1101 2703 1282 2774 Wesenberpl
1299 2720 1344 2757 me
1363 2719 1434 2757 ama
1454 2707 1486 2759 et

197 2771 261 2826 uale
279 2772 310 2827 D
327 2772 382 2842 lM.
401 2773 461 2841 (boe
478 2792 502 2827 v.
521 2777 599 2828 ercet
618 2771 712 2826 TVLL
743 2771 932 2828 CICERONIS
951 2772 1209 2829 EPISTVLARVM
1232 2775 1350 2856 (religuos
1367 2777 1484 2831 absona

197 2845 272 2912 eunt)
341 2842 441 2912 (Marci
458 2842 545 2897 Tullii
564 2843 747 2914 epistularum
766 2843 804 2898 ad
822 2843 952 2898 Tironem
973 2843 1089 2915 explicit
1112 2847 1157 2912 P),
1177 2845 1215 2900 M.
1229 2843 1317 2898 Tulln
1335 2843 1485 2901 Ciceronis

197 2912 391 3039 epistuflalrurg³
400 2913 472 3039 mid!
490 2915 528 2969 ad
545 2914 677 2970 [lironem
694 2914 818 2984 explicit.
856 2915 959 2985 Incipit
977 2915 1103 2971 eiusdem
1116 2917 1154 2970 ad
1167 2917 1327 2986 Augustum
1342 2915 1483 2972 Octauia·

198 3002 265 3037 num
296 3002 361 3038 e1c1
391 3003 406 3039 r
