3286 5460
694 394 909 449 PRAEFATIO.
1358 397 1445 450 xxix

164 555 232 619 sint
248 555 409 619 indicatae
429 557 567 639 quidem.
606 557 716 620 eadem
736 561 769 621 et
786 557 994 642 neglegentia
1011 563 1045 624 et
1059 558 1169 623 iudicii
1188 559 1351 624 hebetudo
1372 544 1445 625 cum

164 660 198 723 in
218 660 423 745 singulorum
442 660 588 724 locorum
609 661 806 726 tractatione
825 662 1092 749 deprehendatur,
1116 665 1237 730 omissa
1255 666 1446 750 plerumque

165 768 251 831 bona
270 767 441 852 scriptura,
464 766 565 831 allata
587 766 689 832 futtili
713 768 985 854 interpolatorum
1005 773 1342 838 contaminatorumve
1361 773 1446 838 codi-

164 895 239 938 cum
262 875 489 958 discrepantia,
513 878 604 958 patet
629 897 685 940 cur
707 874 902 941 Gruteriana
925 899 1037 963 opera,
1061 902 1134 945 cum
1160 880 1193 944 in
1217 901 1336 965 magno
1360 879 1445 963 apud

165 981 317 1064 aequales
340 985 553 1065 posterosque
576 980 676 1045 fuerit
698 982 830 1068 honore,
853 985 974 1049 nullius
997 986 1093 1051 hodie
1117 987 1161 1050 sit
1185 1008 1271 1051 usus.

254 1086 358 1150 multo
383 1086 448 1150 illis
472 1086 663 1170 prudentior
686 1089 714 1152 1.
736 1088 776 1154 G.
797 1090 960 1157 Graevius.
1002 1114 1198 1178 quamquam
1222 1093 1308 1157 enim
1332 1093 1443 1157 sordes

164 1191 345 1259 tralaticias
373 1216 413 1257 11
442 1195 511 1278 ipse
545 1195 675 1279 quidem
702 1196 826 1280 sprevit
854 1197 909 1262 sed
938 1200 1030 1262 auxit
1046 1200 1150 1282 ,novis
1179 1200 1322 1264 excussis
1350 1198 1444 1263 libris

164 1298 297 1382 vilibus,
328 1304 438 1365 tamen
466 1323 540 1365 vere
570 1305 733 1386 promovit
766 1305 1038 1370 emendationem:
1071 1308 1189 1392 quippe
1222 1307 1324 1391 priori
1357 1307 1443 1391 parti

164 1405 289 1488 primus
314 1407 464 1471 adhibuit
487 1407 699 1474 Harleianum
719 1412 805 1476 2113
829 1412 927 1496 inque
952 1412 1055 1477 altera
1074 1412 1277 1498 Hittorpiani
1301 1419 1334 1477 11
1354 1412 1444 1477 Ρ111-

164 1512 226 1575 tini
245 1514 330 1576 sexti
349 1515 544 1599 scripturam
564 1538 636 1580 cum
656 1516 769 1581 attulit
787 1518 892 1582 multo
907 1518 1109 1603 frequentius
1125 1542 1221 1604 quam
1237 1544 1256 1585 a
1272 1519 1444 1584 Gebhardo

164 1623 235 1683 erat
262 1618 386 1684 factum
410 1623 464 1705 (cf.
487 1645 517 1705 p.
538 1621 615 1686 XXI
634 1623 705 1688 adn.
727 1621 773 1710 1),
801 1629 872 1690 tum
903 1625 959 1690 ubi
983 1648 1034 1692 res
1062 1626 1162 1692 ferret
1190 1627 1354 1711 suscipere
1379 1647 1445 1690 101

163 1725 336 1791 dubitavit.
385 1728 500 1812 quodsi
534 1729 588 1793 ille
621 1733 655 1795 et
687 1730 860 1797 abiecisset
892 1733 1019 1799 codices
1052 1734 1197 1799 novellos
1231 1739 1264 1798 et
1296 1737 1444 1798 vetustos

163 1832 285 1917 ubique
313 1856 353 1899 ex
380 1835 551 1900 severioris
585 1837 667 1901 artis
699 1839 823 1924 regulis
855 1844 1045 1924 tractasset,
1075 1840 1158 1905 nihil
1189 1861 1385 1926 magnopere
1411 1840 1445 1903 in

163 1939 233 2004 eius
257 1961 357 2025 opera
379 1941 589 2026 desiderares
613 1966 695 2028 quae
720 1950 829 2010 tamen
848 1947 898 2011 vel
919 1948 965 2011 sic
985 1951 1018 2012 et
1036 1947 1161 2031 priores
1180 1969 1292 2012 011111
1311 1950 1445 2031 superat

164 2050 196 2110 et
219 2048 426 2131 posteriores.

252 2154 378 2219 scilicet
402 2161 477 2239 post
501 2156 593 2221 illum
616 2181 681 2223 non
706 2182 878 2247 progressa
902 2166 953 2224 est
972 2161 1087 2225 harum
1107 2161 1321 2246 epistularum
1339 2181 1444 2225 emen-

164 2261 254 2325 datio
279 2283 361 2345 quac
386 2263 513 2346 quidem
538 2265 677 2347 pendeat
700 2290 740 2332 ex
764 2267 937 2350 codicibus,
961 2269 1017 2332 sed
1037 2290 1197 2354 regressa:
1221 2289 1333 2333 rursus
1352 2265 1443 2330 nullo

163 2367 250 2434 facto
275 2370 461 2434 discrimine
485 2371 732 2436 excutiebantur
755 2374 882 2439 codices
906 2375 1025 2439 novicii
1049 2375 1273 2457 editionesque
1297 2376 1443 2437 vetustae

163 2476 410 2562 augebaturque
425 2477 581 2541 conlusio.
616 2480 781 2563 pertinent
795 2481 858 2546 huc
872 2481 920 2546 Ie.
933 2481 1014 2563 Aug.
1031 2481 1165 2559 Ernesti,
1183 2479 1217 2542 T.
1232 2479 1270 2544 F.
1285 2478 1444 2559 Benedici,

163 2583 214 2647 Al.
239 2583 550 2667 Morari-Laqueo,
581 2583 650 2667 alii,
679 2606 760 2668 quos
790 2608 846 2669 per
873 2585 1021 2649 homines
1050 2584 1219 2669 paullatim
1248 2604 1298 2647 111
1328 2603 1365 2645 eo
1394 2586 1445 2645 est

163 2690 301 2754 deducta
334 2695 372 2753 ut
397 2711 493 2755 nemo
522 2691 591 2755 sine
619 2713 740 2756 nausea
767 2696 878 2776 posset
905 2691 965 2755 has
993 2691 1151 2776 epistulas
1180 2690 1281 2754 adire:
1315 2693 1444 2753 tantum

163 2801 234 2860 crat
266 2818 355 2861 mare
387 2797 532 2862 diversae
568 2799 748 2882 scripturae
776 2799 998 2883 undecumque
1027 2797 1190 2862 collectae.
1242 2817 1301 2860 nec
1328 2794 1444 2859 melior

164 2905 210 2968 rei
239 2905 374 2969 criticae
402 2906 549 2971 condicio
579 2907 612 2970 in
641 2927 760 2991 magna
783 2905 921 2970 Schr'c‘taii
944 2906 1100 2987 editione,
1130 2903 1279 2988 quamvis
1302 2901 1444 2965 hominis

164 3011 289 3076 iudicio>
312 3033 378 3075 non
406 3013 555 3077 11111111.
602 3012 733 3077 tandem
762 3018 894 3077 exortus
922 3017 973 3076 est
1001 3011 1056 3096 qui
1086 3011 1191 3075 denuo
1218 3010 1351 3073 auderet
1375 3031 1443 3072 rem

160 3119 356 3202 praecidere,
379 3119 428 3182 Ie.
448 3119 537 3202 casp.
558 3119 671 3184 Orelli:
695 3120 722 3182 is
746 3119 780 3182 in
804 3118 944 3184 editione
968 3118 1076 3182 Turici
1101 3140 1128 3181 a
1151 3117 1235 3182 1829
1260 3115 1379 3180 emissa
1401 3152 1442 3160 —

161 3228 333 3290 emendata
362 3248 400 3290 ea
422 3227 464 3289 ab
488 3227 547 3290 illo
571 3227 989 3291 11110111011845111
1014 3261 1056 3271 -
1080 3224 1216 3288 revertit
1240 3223 1278 3286 ad
1303 3220 1443 3286 Victorii

161 3334 358 3397 sententiam
386 3332 570 3417 abiecitque
599 3331 797 3419 farraginem
825 3333 917 3397 illam
945 3354 1089 3414 omnem,
1120 3334 1235 3414 utpote
1263 3327 1444 3412 profectam

162 3459 202 3501 cx
229 3439 393 3523 corruptis
416 3437 553 3504 Medicei
582 3440 789 3525 apographis.
833 3461 892 3505 nec
920 3439 1033 3524 negari
1060 3442 1171 3522 potest
1199 3435 1314 3501 utilem
1342 3433 1443 3497 111111

161 3549 194 3609 11
225 3544 434 3628 plausibilem
468 3545 582 3611 Orellii
615 3546 706 3609 illam
739 3567 884 3630 operam:
912 3545 1012 3609 verba
1044 3550 1080 3608 ut
1112 3543 1250 3608 hiabant
1282 3540 1444 3605 interdum

161 3655 195 3714 et
217 3651 436 3735 offendebant,
464 3653 512 3717 ita
536 3675 663 3716 summa
686 3653 720 3716 in
745 3675 778 3716 re
806 3656 899 3716 eraut
922 3652 1071 3738 genuina.
1118 3670 1314 3735 quamquam
1340 3646 1442 3711 Orelli

161 3778 281 3842 magno
306 3779 402 3842 opere
427 3781 465 3823 eo
489 3760 636 3843 peccavit
661 3760 746 3843 quod
769 3764 899 3843 praeter
922 3760 1048 3823 codices
1069 3757 1214 3822 novicios
1239 3755 1359 3820 abiecit
1377 3776 1443 3818 non

160 3864 266 3928 solum
292 3863 491 3930 Graevianos
516 3889 638 3949 omnes,
668 3867 723 3930 sed
747 3866 847 3929 etiam
872 3865 1097 3929 Erfurtenscm
1122 3861 1179 3949 (F)
1203 3868 1273 3926 tum
1302 3862 1443 3945 primum

159 3993 180 4033 a
204 3971 357 4035 ll'undero
376 3978 595 4055 protractum:
620 3995 701 4056 quae
721 3975 807 4037 enim
827 3977 1029 4036 commentus
1049 3978 1100 4035 est
1119 3975 1156 4034 ut
1176 3971 1274 4035 verba
1292 3966 1363 4050 XV,
1378 3970 1443 4052 2,ἷ)

131 4076 221 4162 ‚Cet
248 4084 358 4142 tamen
386 4080 626 4144 adulescentem
655 4077 787 4164 esaem')
816 4102 835 4141 1
859 4077 1028 4159 Wunderq
1056 4102 1093 4141 ex
1118 4077 1143 4141 F
1169 4081 1255 4140 recte
1279 4074 1444 4138 vindicata

160 4185 194 4248 in
222 4185 484 4268 interpolationis
509 4186 726 4269 suspicionem
750 4190 896 4268 vocaret,
925 4207 963 4248 ea
986 4185 1116 4249 homine
1140 4185 1236 4247 docto
1261 4183 1443 4245 10111111

158 4291 267 4376 digna.
304 4293 468 4375 persuasit
486 4297 596 4357 tamen
615 4316 689 4357 cum
708 4293 781 4356 aliis
803 4297 873 4355 tum
888 4292 1027 4374 Baitero,
1047 4292 1103 4374 qui
1123 4312 1195 4355 cum
1217 4312 1308 4353 suam
1326 4287 1441 4351 harum

158 4399 375 4480 epistularum
404 4401 579 4464 editionem
604 4401 740 4464 11866
765 4397 995 4463 emitteret-
1021 4398 1112 4461 valde
1136 4396 1251 4460 utilem
1276 4395 1441 4478 ceteroqui

159 4529 232 4569 eam
256 4512 290 4569 et
313 4512 447 4590 propter
470 4530 587 4571 novam
607 4506 743 4571 Medicei
767 4506 976 4570 collationem
996 4509 1029 4569 et
1049 4507 1181 4588 propter
1201 4502 1334 4567 editoris
1354 4503 1387 4566 in
1407 4524 1441 4565 rc

158 4614 274 4677 critica
292 4614 473 4678 lectitanda
491 4615 682 4697 prudentem
704 4613 914 4677 sobrietatem
932 4611 1133 4694 —opinioni
1154 4609 1201 4673 illi
1221 4613 1289 4673 tam
1303 4610 1443 4673 firmiter

159 4720 302 4785 inhaesit
324 4729 362 4784 ut
386 4721 578 4785 Harleianos
608 4721 734 4785 codices
758 4721 845 4783 2773
869 4723 902 4784 et
926 4720 1013 4783 2682
1037 4718 1101 4781 iam
1126 4740 1153 4780 1.
1175 4717 1260 4782 1839
1281 4715 1403 4782 0111110
1423 4738 1443 4777 1

161 4827 222 4890 Th.
239 4829 365 4893 Oehlero
386 4829 545 4892 indicatos
565 4828 629 4892 levi
649 4829 886 4910 significatione
906 4827 1169 4909 praetermittere
1188 4848 1252 4890 non
1268 4824 1441 4886 dubitaret.
