3314 5460
636 350 674 406 M.
694 350 801 405 TVLLI
819 349 1007 405 CICERONIS

694 565 812 632 svm
836 564 949 667 ¹(117.)

349 710 392 775 n.
412 707 572 775 orosao
598 707 632 775 o.
655 709 771 775 mmo
794 708 830 774 u.
854 709 890 774 s.
915 708 1034 775 arro
1059 709 1124 774 ea.
1148 709 1247 775 vas.
1272 707 1304 774 s.

274 853 309 918 L.
334 852 500 919 Custidius
533 857 583 918 est
616 852 748 917 tribulis
777 857 810 917 et
836 852 1003 937 municeps
1036 857 1070 917 et
1097 851 1269 917 familiaris
1299 874 1407 916 meus:
1439 853 1467 916 is

188 983 318 1027 oausam
341 960 454 1042 habet,
485 982 582 1044 quam
607 981 737 1024 oausam
761 960 800 1023 ad
824 963 858 1024 te
881 958 1012 1023 deferet.
1054 959 1244 1025 commendo
1273 958 1337 1023 tibi
1363 958 1469 1023 homi·

187 1091 274 1153 nem,
298 1067 383 1132 siout
406 1070 463 1131 tua
486 1067 566 1130 fides
590 1070 623 1130 et
646 1089 737 1131 meus
760 1066 864 1151 pudor
886 1066 1047 1152 postulat,
1071 1070 1213 1150 tantum,
1235 1069 1273 1130 ut
1295 1064 1405 1130 facilis
1429 1067 1468 1130 ad
1494 1093 1507 1131 ⁵

188 1180 220 1240 te
253 1174 359 1239 aditus
391 1174 525 1258 habeat,
557 1195 638 1257 quae
671 1196 774 1258 aequa
803 1173 1000 1258 postulabit,
1031 1176 1068 1238 ut
1096 1172 1218 1238 libente
1252 1178 1285 1236 te
1313 1172 1470 1256 impetret

189 1281 372 1365 sentiatque
397 1303 503 1345 meam
526 1280 589 1345 sibi
613 1279 801 1364 amicitiam,
825 1280 924 1344 etiam
947 1301 1019 1345 oum
1043 1279 1233 1365 longissime
1257 1278 1374 1363 apsim,
1396 1299 1470 1363 pro

189 1389 289 1469 desse,
312 1389 347 1451 in
368 1387 483 1470 primis
508 1387 591 1471 apud
614 1391 655 1451 te.
1465 1370 1471 1379 ⁰

716 1509 800 1574 nm.
837 1506 942 1596 (118.)

358 1668 401 1733 n.
422 1667 582 1735 crosno
608 1667 641 1734 o.
661 1666 822 1734 ovano
847 1667 1150 1735 Psoronuauo
1175 1667 1240 1733 Pa.
1265 1667 1298 1734 s.
1485 1699 1510 1738 a

278 1810 322 1876 M.
341 1811 479 1877 Fadium
503 1811 595 1876 unice
620 1811 721 1897 diligo
746 1834 936 1896 summaque
960 1811 1041 1876 mihi
1061 1834 1134 1876 oum
1154 1833 1191 1876 eo
1211 1811 1414 1876 consuetudo
1436 1815 1471 1875 et

190 1918 397 1983 familiaritas
422 1922 471 1981 est
492 1921 654 2001 pervetus.
697 1918 730 1982 in
754 1918 822 1982 eius
847 1918 1077 1983 controversiis
1102 1917 1179 2002 quid
1202 1919 1372 2002 decernas,
1395 1939 1416 1981 a
1437 1921 1470 1982 te

191 2049 257 2092 non
279 2029 356 2111 peto
375 2060 419 2070 -
437 2024 599 2106 servabis,
622 2030 659 2088 ut
682 2029 739 2089 tua
761 2025 840 2089 fides
864 2028 898 2089 et
921 2024 1064 2110 dignitas
1087 2023 1246 2108 postulat,
1269 2024 1415 2089 edictum
1438 2028 1472 2088 et

190 2133 380 2198 institutum
403 2135 496 2195 tuum
514 2168 571 2214 —‚
595 2131 664 2213 sed,
694 2135 732 2195 ut
755 2154 853 2215 quam
876 2131 1049 2196 facillimos
1074 2130 1114 2194 ad
1141 2135 1174 2195 te
1203 2130 1312 2195 aditus
1339 2129 1474 2214 habeat,

192 2261 274 2324 quae
303 2241 397 2303 erunt
426 2259 541 2321 aequa,
574 2238 707 2302 lubente
735 2242 768 2302 te
795 2237 963 2321 impetret,
992 2243 1030 2301 ut
1058 2259 1163 2302 meam
1190 2237 1372 2301 amicitiam
1400 2237 1473 2320 sibi,
1488 2264 1511 2304 ιε

193 2346 293 2410 etiam
317 2367 390 2409 oum
414 2345 527 2429 procul
553 2344 667 2428 apsim‚
690 2344 843 2429 prodesse
867 2344 997 2421 sentiat,
1021 2342 1213 2427 praesertim
1236 2344 1322 2428 spud
1340 2347 1389 2407 te:
1412 2342 1475 2407 hoo

193 2456 225 2516 te
249 2451 457 2516 vehementer
480 2452 580 2515 etiam
603 2454 701 2535 atque
725 2451 825 2515 etiam
848 2471 938 2535 rogo.

740 2679 806 2745 ux.
840 2678 921 2765 (35.)

490 2841 533 2906 n.
553 2837 713 2908 urouao
737 2839 770 2906 o.
791 2838 995 2906 nvunmo
1021 2836 1056 2906 o.
1079 2840 1115 2905 s.
1140 2838 1171 2905 s.

160 3029 173 3076 1
282 3000 319 3066 L.
337 3001 503 3066 Livineius
527 3000 658 3087 Trypho
683 3005 734 3066 est
757 3001 889 3066 omnino
913 3001 949 3067 L.
969 3001 1101 3089 Reguli,
1124 2999 1377 3064 familiarissimi
1402 2999 1475 3082 mei,
1489 3021 1513 3060 ro

193 3108 346 3192 libertus,
379 3108 471 3172 ouius
500 3108 668 3173 calamitas
698 3108 797 3172 etiam
826 3107 1056 3173 officiosiorem
1080 3130 1131 3172 me
1154 3105 1234 3170 facit
1257 3105 1293 3169 in
1316 3105 1413 3170 illum
1431 3141 1476 3151 -

194 3237 270 3279 nam
289 3214 537 3296 benivolentior,
561 3236 658 3298 quam
681 3236 810 3298 semper
832 3213 889 3297 fui,
913 3237 983 3279 esse
1006 3237 1072 3280 non
1095 3234 1230 3298 possum
1248 3211 1391 3297 —31ed
1414 3232 1475 3297 ego

194 3321 350 3385 libertum
369 3320 439 3384 eius
458 3342 516 3404 per
535 3342 568 3385 se
588 3321 696 3403 ipsum
715 3319 830 3406 dilig03
854 3343 982 3386 summa
1002 3321 1087 3386 enim
1107 3320 1176 3384 eius
1196 3340 1275 3404 erga
1294 3341 1347 3383 me
1368 3318 1477 3383 officia

195 3427 391 3492 exstiterunt
419 3427 465 3490 eis
493 3427 614 3491 nostris
648 3428 864 3511 temporibus,
898 3428 1016 3511 quibus
1049 3425 1203 3492 facillime
1235 3424 1358 3489 bonam
1388 3425 1479 3489 beni-

160 3563 176 3607 2
196 3533 371 3599 volentiam
385 3532 553 3597 hominum
569 3537 602 3597 et
613 3534 710 3597 fidem
725 3534 906 3619 perspicere
921 3534 1022 3618 potui.
1046 3555 1119 3598 eum
1134 3533 1196 3596 tibi
1210 3532 1258 3596 ita
1272 3520 1478 3615 commendo,
1491 3553 1516 3592 a

196 3647 233 3705 ut
251 3640 399 3705 homines
417 3639 505 3725 grati
525 3644 558 3704 et
576 3663 735 3705 memores
751 3642 832 3706 bene
847 3640 982 3705 meritos
999 3641 1038 3705 de
1053 3663 1087 3705 se
1102 3638 1326 3704 commendere
1346 3638 1478 3703 debent

196 3751 386 3832 pergratum
409 3744 491 3810 mihi
513 3746 638 3831 feceris,
663 3747 690 3810 si
714 3745 769 3810 ille
793 3747 992 3811 intellexerit
1015 3769 1059 3830 se,
1083 3747 1169 3830 quod
1192 3767 1251 3829 pro
1276 3745 1383 3810 salute
1405 3766 1481 3810 mea

197 3854 301 3918 multa
324 3852 468 3937 pericula
491 3852 616 3938 adierit,
640 3875 735 3938 saepe
758 3853 864 3918 hieme
888 3876 1014 3918 summa
1037 3853 1209 3938 navigarit,
1231 3873 1291 3936 pro
1314 3856 1375 3916 tua
1398 3873 1480 3938 erga

198 3983 249 4024 me
274 3960 492 4025 benivolentia
516 3963 646 4045 gratum
671 3961 769 4024 etiam
792 3960 855 4024 tibi
878 3960 1003 4024 fecisse.

286 4157 310 4208 8.
330 4149 468 4206 oustidius
489 4152 534 4218 M,
559 4151 705 4206 austudius
729 4154 785 4207 ind.
805 4153 882 4220 ΜΠ,
909 4152 1053 4207 eustodius
1072 4152 1134 4205 HD
1161 4153 1170 4221 l
1197 4157 1222 4206 4.
1241 4168 1328 4220 quam
1348 4152 1480 4224 oausam]

196 4225 231 4289 cf.
249 4223 414 4277 Thielmaaa
432 4225 497 4278 diss.
511 4223 687 4293 Arperrlorut.
706 4223 739 4277 Π.
761 4229 836 4277 1879,
854 4242 882 4292 p.
898 4228 949 4276 369
957 4241 994 4305 sp.
1028 4239 1142 4277 oausam
1157 4224 1207 4277 del.
1224 4224 1295 4276 Boot
1308 4223 1388 4291 Goba.
1403 4225 1479 4278 crit-3

195 4314 223 4363 p.
239 4296 292 4363 25),
308 4296 474 4363 perperorum
490 4301 512 4347 7.
533 4294 691 4362 sentiatque
710 4310 802 4347 meam
822 4294 890 4362 HD,
911 4296 1016 4349 sentiat
1034 4297 1117 4363 teque
1135 4311 1228 4347 meam
1246 4294 1284 4347 M
1298 4297 1307 4363 ΙΙ
1328 4298 1370 4348 10.
1389 4292 1481 4362 pedu·

198 4381 284 4418 ceano
306 4369 336 4418 Ψ
357 4372 381 4419 et
404 4367 461 4419 ind.
486 4365 554 4418 ΜΗ
582 4367 591 4434 ll
625 4370 665 4418 11.
689 4365 809 4418 Fadium
834 4366 932 4432 Orelli,
959 4365 1066 4419 fabium
1094 4368 1124 4419 Ψ
1151 4368 1160 4435 ΙΙ
1193 4370 1234 4418 15.
1258 4363 1366 4418 libente
1389 4364 1457 4419 HD

200 4441 240 4490 16.
261 4441 302 4489 17.
322 4435 376 4489 hoo
394 4435 481 4490 etiam
499 4435 680 4490 uehementer
697 4439 725 4489 te
744 4436 831 4490 etiam
851 4453 874 4490 a.
895 4453 918 4490 e.
938 4455 958 4491 r.
974 4437 1083 4505 111123.
1103 4436 1178 4490 enim
1195 4452 1264 4504 erga
1281 4452 1327 4489 me
1347 4434 1410 4490 eius
1426 4436 1462 4490 Η
1472 4437 1475 4506 l

135 4524 149 4532 -
200 4511 242 4560 24.
265 4506 318 4577 eis]
342 4505 386 4560 his
413 4509 452 4575 Ψ,
480 4506 516 4560 iis
539 4509 591 4561 olii
622 4511 631 4578 ll
663 4508 766 4561 bonam
791 4510 841 4562 dal.
866 4509 965 4574 Klotz,
992 4514 1054 4561 onte
1077 4507 1161 4560 fidem
1185 4514 1289 4575 transp.
1311 4508 1481 4563 Lambinus

200 4578 267 4630 aridi
285 4577 360 4631 bona
378 4577 479 4644 benis,
498 4581 516 4633 i.
531 4596 552 4632 e.
571 4595 647 4646 vera,
666 4595 722 4632 non
740 4580 814 4647 fieta,
834 4581 919 4633 teneri
933 4596 1012 4648 posse
1030 4581 1144 4633 radetur.
1177 4579 1212 4643 of.
1226 4577 1274 4644 IX,
1289 4583 1332 4643 16,
1348 4584 1378 4633 2:
1402 4579 1482 4632 ‘nam

201 4646 254 4699 etsi
272 4664 329 4701 non
346 4647 430 4702 facile
449 4649 621 4703 diiudicatur
640 4666 718 4704 amor
735 4667 816 4702 verus
840 4649 980 4716 stitutus,
1006 4649 1060 4703 nisi
1084 4648 1200 4718 aliquod
1218 4647 1320 4702 incidit
1338 4648 1481 4705 eiusmodi

201 4719 323 4785 tempus,
342 4721 387 4786 ut,
405 4720 487 4787 quasi
506 4737 604 4774 surum
623 4721 696 4791 igni,
722 4720 761 4774 sio
780 4719 970 4775 benivolentia
988 4719 1080 4774 fidelis
1098 4720 1222 4790 periculo
1241 4719 1337 4788 aliquo
1356 4719 1483 4791 perspici

202 4787 301 4854 possit'
317 4792 382 4854 1126.
401 4791 486 4860 gratifi
508 4808 643 4847 memores
663 4793 696 4845 H
706 4795 715 4862 ΙΙ
730 4791 918 4846 commendari
937 4792 974 4845 Μ
