3314 5460
497 373 754 429 EPISTVLARVM
773 373 818 426 IX.
838 378 881 428 26.
900 372 933 427 X.
954 380 977 427 1.
997 379 1021 427 2.
1332 374 1395 437 241

34 538 115 600 ese
173 573 244 619 —-,
265 536 322 601 sed
345 535 541 620 immanitas,
564 559 628 601 non
652 535 749 601 modo
773 540 811 600 ut
833 557 955 620 vocem,
979 535 1035 600 sed
1057 558 1097 600 ne
1121 535 1248 600 vultum
1267 536 1397 619 quidem

41 640 259 707 liberum
286 642 393 727 possit
421 643 505 707 ferre
535 644 736 729 cuiusquam.
781 644 891 726 itaque
920 642 1000 707 mihi
1031 643 1191 708 maximae
1222 664 1317 707 curae
1347 647 1398 708 est

52 768 163 813 non
213 750 248 815 de
276 771 350 814 mea
376 750 506 834 quidem
534 750 616 834 rita,
643 751 695 815 cui
724 749 806 815 satis
834 749 897 815 feci
925 748 976 813 vel
1003 753 1110 814 aetate
1139 750 1188 813 rel
1217 750 1313 815 factis
1338 751 1397 834 rel,

62 852 98 918 si
138 856 250 939 quid
273 856 373 921 etiam
396 855 459 922 hoc
483 857 523 921 ad
547 879 616 922 rem
638 858 795 941 pertinet,
817 856 932 942 gloria,
955 855 1011 920 sed
1034 878 1085 920 me
1109 857 1217 939 patria
1240 857 1397 921 sollicitat

45 961 115 1025 sin
152 963 363 1048 primisque,
387 964 434 1027 mi
451 962 581 1049 Plance,
604 962 803 1048 exspectatio
828 962 1017 1028 consulatus
1040 963 1098 1046 tui,
1121 985 1203 1047 quae
1227 963 1275 1027 ita
1297 964 1397 1048 longa

76 1071 171 1152 est,
212 1075 249 1135 nt
276 1072 456 1155 optandum
484 1072 540 1156 sit,
569 1075 607 1135 ut
634 1071 797 1154 possimus
825 1071 865 1134 ad
893 1070 926 1133 id
954 1073 1082 1153 tempus
1110 1069 1156 1134 rei
1183 1093 1214 1154 p.
1243 1069 1396 1155 spiritum

82 1170 247 1261 ducere;
279 1199 362 1260 quae
388 1182 499 1263 potest
526 1178 611 1242 enim
640 1199 713 1262 spes
741 1199 812 1242 esse
839 1178 873 1241 in
900 1200 939 1241 ea
967 1198 1001 1241 re
1029 1199 1073 1261 p.,
1100 1177 1135 1240 in
1163 1198 1227 1260 qua
1253 1176 1394 1241 hominis

86 1278 386 1364 impotentissimi
410 1289 508 1369 atque
531 1284 857 1369 intemperantissimi
883 1284 983 1348 armis
1007 1305 1163 1368 oppressa
1186 1289 1263 1348 sunt
1286 1284 1395 1348 omnia

89 1388 133 1446 et
166 1389 207 1453 in
230 1413 295 1474 qua
318 1413 377 1457 nec
401 1396 532 1457 senatus
550 1413 610 1456 nec
627 1392 767 1475 populus
787 1391 853 1455 rim
871 1389 971 1455 habet
996 1391 1097 1454 ullam
1120 1413 1179 1456 nec
1202 1389 1291 1476 leges
1309 1390 1395 1455 ullae

55 1501 194 1558 nsunt
217 1518 277 1561 nec
300 1498 420 1564 iudicia
442 1522 501 1564 uec
526 1499 658 1564 omnino
677 1499 887 1564 simulacrum
906 1498 1037 1583 aliquod
1060 1521 1097 1563 ac
1121 1499 1297 1583 vestigium
1322 1498 1394 1564 ciri-

97 1600 219 1666 tacis?
265 1605 506 1690 sedquoniam
531 1611 605 1679 acta
628 1607 738 1672 omnia
761 1606 849 1671 mitti
873 1606 912 1669 ad
936 1610 968 1669 te
994 1605 1186 1688 arbitrabar,
1209 1604 1291 1669 nihil
1315 1611 1429 1690 erata

101 1710 205 1781 quod
235 1711 374 1796 singulis
402 1714 440 1777 de
469 1714 566 1778 rebus
598 1714 787 1797 scriberem,
820 1713 901 1776 illud
934 1716 1043 1777 autem
1073 1716 1142 1776 erat
1170 1713 1290 1777 amoris
1322 1713 1394 1796 mei,

103 1827 216 1886 ‘luen
237 1840 256 1880 a
279 1822 337 1882 tua
360 1819 500 1903 pueritia
519 1826 705 1904 susceptum
729 1843 794 1885 non
818 1819 943 1884 servavi
968 1818 1084 1902 solum,
1107 1819 1162 1883 sed
1187 1820 1286 1883 etiam
1310 1817 1394 1903 auxi,

106 1931 248 1988 monere
276 1928 309 1988 te
338 1929 436 2009 atque
463 1927 604 2011 hortari,
633 1931 670 1992 ut
698 1927 729 1990 in
760 1949 827 1991 rem
855 1949 885 2009 p.
913 1926 1001 1990 omni
1031 1926 1230 2009 cogitatione
1253 1946 1393 2008 curaque

67 2041 91 2081 1⁵
104 2016 329 2096 incumberes:
358 2054 440 2115 qnae
464 2033 491 2096 si
516 2034 556 2098 ad
580 2039 672 2098 tuum
697 2038 825 2117 tempus
848 2032 1046 2117 perducitur,
1068 2031 1174 2096 facilis
1198 2031 1393 2117 gubernatio

103 2134 187 2217 est,
208 2142 241 2200 ut
263 2137 460 2220 perducatur
483 2143 605 2224 autem,
634 2160 771 2225 magnae
795 2161 868 2203 eum
893 2139 1081 2224 diligentiae
1105 2142 1168 2222 est,
1198 2143 1269 2203 tum
1293 2139 1392 2203 etiam

104 2228 270 2309 fortunae.
312 2244 421 2326 sedet
440 2250 472 2310 te
492 2246 661 2330 aliquanto
680 2251 764 2330 ante,
788 2253 825 2310 ut
845 2268 950 2330 spero,
972 2246 1165 2310 habebimus
1185 2250 1228 2329 et,
1250 2248 1426 2330 praeter-a

106 2358 213 2419 (luam
242 2350 329 2435 quod
361 2350 409 2416 rei
441 2374 471 2435 p.
505 2352 672 2417 consulere
703 2353 874 2435 debemus,
907 2358 1016 2417 tamen
1050 2357 1125 2416 tuae
1158 2352 1312 2436 dignitati
1344 2352 1393 2416 ita

107 2442 271 2542 lavemus,
301 2462 339 2522 ut
372 2479 466 2522 omne
499 2462 648 2522 nostrum
682 2458 855 2523 consilium
885 2459 1043 2544 studium,
1075 2458 1218 2524 officium
1250 2481 1391 2543 operam,

77 2551 257 2627 elaborem
272 2563 476 2649 diligentiam
496 2566 536 2629 ad
555 2565 803 2649 amplitudinem
823 2571 914 2630 tuam
934 2566 1151 2630 conferamus:
1171 2565 1218 2630 ita
1237 2565 1391 2630 facillime

10 2746 14 2753 .
111 2663 149 2724 tt
182 2669 292 2754 reip,
326 2691 408 2754 quae
444 2670 523 2735 mibi
554 2671 723 2737 carissima
755 2677 820 2755 est,
853 2678 887 2736 et
920 2673 1083 2737 amicitiae
1114 2676 1261 2756 nostrae,
1294 2695 1390 2756 quam

115 2776 317 2842 sanctissime
354 2777 449 2841 nobis
486 2778 654 2842 colendam
693 2784 789 2863 pute,
826 2801 876 2843 me
910 2778 1065 2865 intellego
1101 2779 1180 2844 satis
1217 2779 1389 2844 facturum.

116 2871 269 2949 Furnium
295 2888 446 2949 nostrum
474 2884 560 2948 tanti
588 2908 608 2950 a
635 2890 667 2949 te
697 2886 782 2968 fieri,
816 2890 973 2971 quantum
1000 2877 1104 2970 ipsius
1136 2885 1323 2950 hnmanitas
1356 2890 1424 2949 etc

120 2978 254 3069 dignitas
280 2990 442 3075 postulat,
469 3012 528 3055 nec
555 2991 657 3056 miror
680 2997 714 3056 et
736 2993 861 3076 gaudeo
890 2997 986 3076 teque
1009 2992 1072 3057 hoc
1095 2992 1282 3056 existimare
1306 2993 1390 3076 volo,

98 3092 265 3178 equiequid
292 3097 327 3160 in
354 3119 427 3161 eum
456 3097 567 3162 iudicii
600 3098 763 3183 officiique
795 3098 984 3183 contuleris,
1015 3100 1047 3163 id
1077 3100 1124 3163 ita
1151 3121 1202 3163 me
1235 3099 1390 3182 accipere,

128 3198 163 3256 ut
183 3199 209 3266 in
228 3225 279 3268 me
302 3203 411 3287 ipsum
434 3207 466 3267 te
489 3208 603 3288 putem
627 3207 813 3271 contulisse.

659 3436 702 3502 n
739 3434 844 3524 (341.)

542 3577 701 3645 monac
725 3578 903 3645 Piraeo
929 3577 960 3643 a.

206 3716 309 3786 Meum
337 3721 481 3786 studium
513 3721 630 3786 honori
661 3727 718 3785 tuo
748 3743 807 3805 pro
837 3721 1074 3786 necessitudine
1104 3726 1216 3785 nostra
1244 3743 1309 3785 non
1337 3722 1421 3786 dei

14 3818 43 3851 ‘·
114 3816 241 3912 aluisset,
267 3827 296 3893 si
319 3832 378 3892 aut
400 3832 474 3892 tuto
497 3827 531 3891 in
554 3832 704 3893 senatum
728 3833 785 3891 aut
807 3827 944 3893 honeste
972 3829 1081 3892 venire
1109 3827 1302 3914 potuissem,
1332 3830 1387 3892 sed

10 3977 39 4013 4.
136 3948 180 3995 nec
199 3934 262 4000 sine
288 3935 434 4018 periculo
463 3934 635 4018 qnisquam
662 3934 764 4000 libere
789 3935 826 3998 de
851 3957 885 3999 re
907 3958 938 4019 p.
962 3935 1105 3998 sentiens
1133 3935 1254 3999 versari
1278 3940 1389 4018 potest

13 4131 16 4134 Ι
134 4034 293 4106 ineumrna
315 4041 500 4126 inpunitate
525 4041 708 4126 gladiorum
731 4063 791 4106 nec
814 4047 947 4105 nostrae
970 4040 1141 4126 dignitatis
1165 4042 1293 4105 videtur
1317 4064 1387 4106 esse

200 4238 224 4289 2.
241 4233 364 4289 maxime
386 4251 420 4289 ex
443 4233 564 4324 maximp
582 4236 705 4290 radendo
724 4235 758 4288 H
777 4238 786 4304 l
809 4241 833 4290 3.
854 4235 888 4289 de
912 4235 1075 4305 quibasdam
1097 4242 1249 4304 suspectam
1272 4238 1281 4304 l
1303 4234 1386 4289 factis

120 4321 171 4388 D’,
183 4321 290 4378 facetiis
303 4341 338 4379 ecc
351 4323 453 4378 facetis
463 4325 500 4378 M
502 4324 518 4391 ¹,
532 4323 643 4378 facetiis
658 4324 709 4387 D1,
724 4324 832 4379 facetus
844 4324 878 4377 Η
888 4327 935 4405 114.
956 4330 981 4377 ὁ.
997 4323 1134 4377 sollicitat
1147 4323 1330 4393 inprimisque
1345 4324 1386 4392 M,

116 4392 294 4448 sollicitatum
312 4394 466 4464 primisque
485 4394 523 4460 Η,
542 4403 575 4465 et,
593 4413 628 4450 ex
646 4395 799 4450 sollicitum
817 4395 979 4464 primaque,
999 4396 1029 4448 1)
1046 4398 1056 4464 ΙΙ
1074 4400 1098 4449 5.
1117 4394 1157 4447 mi
1176 4394 1248 4461 HD,
1269 4411 1312 4447 me
1332 4394 1368 4447 M

114 4471 136 4521 6,
153 4464 292 4535 possimus
315 4483 349 4521 ex
370 4483 519 4536 possumus
539 4467 584 4519 Ml
608 4470 617 4535 {l
640 4469 749 4537 tempus
774 4484 824 4521 orer.
844 4467 905 4519 HD
927 4471 936 4535 ll
961 4472 1001 4519 16.
1027 4483 1146 4535 magnac
1170 4483 1232 4519 cum
1252 4467 1297 4534 M,
1324 4483 1387 4519 curn

110 4552 210 4607 magne
229 4536 271 4605 D,
294 4553 416 4607 magnae
435 4538 469 4591 H
493 4541 502 4607 ΙΙ
529 4540 573 4592 est
596 4541 657 4591 tum
675 4539 752 4607 MD,
775 4542 819 4591 est
842 4540 963 4606 tuaeque
988 4554 1070 4591 curae
1094 4541 1154 4590 tum
1174 4537 1204 4589 H
1231 4540 1240 4606 ΙΙ
1268 4543 1309 4591 17.
1334 4536 1386 4591 ali-

105 4607 415 4736 amicir
444 4609 975 4750 acceptiora
993 4607 1237 4749 reciae,

102 4734 155 4825 dep
174 4752 214 4806 ad
236 4723 300 4806 Tac.
319 4750 355 4806 A.
382 4721 388 4733 ¹
413 4724 484 4822 ,⁰³9,
503 4699 702 4822 Ζιαααοηῖἒαῗα
720 4699 759 4807 dd
779 4752 807 4806 0.
822 4754 847 4806 Ι.
862 4752 897 4805 L.
916 4724 953 4804 Ν
973 4724 1043 4804 i07d
1060 4755 1069 4819 u
1088 4750 1230 4818 officiique
1239 4723 1282 4806 ’ecc
1301 4698 1387 4805 (mi

101 4824 152 4894 qui
171 4822 225 4876 Μο
238 4824 248 4889 ΙΙ
261 4827 305 4877 28.
324 4821 351 4876 S.
370 4838 420 4877 om.
440 4822 502 4877 HD
515 4826 525 4892 ll
539 4828 580 4879 32.
601 4822 750 4889 dignitatis
769 4840 802 4878 ex
822 4823 856 4876 ·ti
876 4824 934 4889 ΜΩ,
953 4829 984 4876 ut
1002 4824 1056 4878 vid.

156 4923 204 4962 (lic.
221 4932 257 4970 ep.
272 4921 307 4961 ad.
322 4921 532 4963 Mandelssohn.
1140 4919 1171 4964 lli
