3314 5460
602 121 858 176 EPISTVLARVM
877 121 910 176 X.
930 126 971 174 31.
992 126 1034 175 32.
1391 119 1457 184 273

181 308 278 369 quam
300 292 415 373 putare
439 308 518 352 esse.
560 307 660 370 quare
679 308 753 350 eum
777 309 828 351 me
852 285 1004 350 existima
1026 306 1106 368 esse,
1130 283 1185 368 qui
1208 284 1350 369 primum
1368 284 1457 369 pacis

181 395 409 479 cupidissimus
433 394 496 459 sim
513 430 558 441 —
577 391 682 458 omnis
706 393 793 457 enim
817 393 896 458 civis
924 393 1020 477 plane
1044 391 1159 457 studeo
1184 386 1386 456 esse'salvos
1405 428 1458 476 —,

182 499 294 566 deinde
318 502 375 585 qni
398 506 431 566 et
453 523 505 565 me
529 505 562 566 et
585 523 654 565 rem
677 500 842 584 publicam
867 499 1031 564 vindicare
1054 499 1088 562 in
1111 498 1299 562 libertatem
1323 503 1457 582 paratus

183 604 250 674 sim.
297 608 384 692 quod
410 606 606 672 familiarem
634 628 742 672 meum
769 611 900 671 tuorum
923 627 1059 670 numero
1082 604 1197 690 habes,
1225 605 1376 689 opinione
1400 611 1492 670 tuac
1521 671 1528 684 ,

141 734 169 776 ⁵
185 714 261 778 mihi
280 715 408 800 gratius
427 719 492 800 est,
514 715 644 780 invideo
663 714 713 778 illi
731 719 851 798 tamen,
875 713 960 798 quod
979 712 1127 777 ambulat
1146 716 1179 777 et
1188 712 1323 777 iocatur
1340 719 1458 779 tecum.

189 837 331 906 quaeres,
360 822 476 907 quanti
498 822 677 887 aestimem.
723 822 750 886 si
773 808 929 905 imquam
956 819 1086 885 licuerit
1109 820 1216 884 vivere
1239 820 1274 884 in
1298 820 1380 904 otio,
1408 843 1458 885 ex·

190 930 333 1014 perieris,
368 929 495 994 nullum
527 929 615 994 enim
647 928 823 1015 vestigium
854 950 913 1012 aps
946 933 979 992 te
1012 927 1213 992 discessurus
1247 949 1327 992 sum.
1377 927 1458 991 illud

193 1035 389 1100 vehementer
412 1035 571 1120 admiror,
594 1058 660 1102 non
683 1035 853 1120 scripsisse
876 1041 909 1100 te
933 1034 1028 1119 mihi,
1051 1034 1211 1100 manendo
1234 1034 1269 1098 in
1292 1034 1460 1118 provincia

191 1160 225 1205 an
246 1143 392 1208 ducendo
416 1124 594 1208 exercitum
617 1144 652 1207 in
674 1141 806 1208 Italiam
828 1143 874 1206 rei
899 1165 929 1225 p.
952 1140 1058 1227 magis
1082 1141 1162 1206 satis
1193 1140 1299 1206 facere
1322 1140 1458 1226 possim:

131 1275 166 1314 ιο
187 1268 244 1332 ego
278 1248 425 1333 quidem,
456 1249 519 1313 etsi
551 1249 633 1314 mihi
665 1251 768 1315 tutius
797 1272 834 1314 ac
862 1249 971 1314 miuus
1004 1247 1204 1313 laboriosum
1238 1253 1289 1312 est
1320 1270 1460 1332 manere,

181 1359 305 1440 tamen,
334 1357 411 1441 quia
433 1355 527 1422 video
550 1357 611 1422 tali
634 1363 781 1441 tempore
804 1357 909 1423 multo
938 1356 1043 1442 magis
1070 1355 1255 1441 legionibus
1284 1377 1365 1441 opus
1389 1377 1459 1420 esse

171 1483 280 1546 quam
303 1463 492 1547 provinciis,
515 1485 596 1547 quae
619 1464 813 1549 praesertim
836 1462 1020 1547 recuperari
1041 1463 1132 1528 nullo
1155 1462 1290 1548 negotio
1313 1465 1460 1548 possunt,

167 1570 354 1654 constitui,
379 1574 418 1634 ut
441 1592 526 1635 nunc
550 1575 615 1656 est,
642 1593 717 1636 eum
745 1571 889 1636 exercitu
911 1570 1083 1655 proficisci.
1129 1569 1243 1634 deinde
1267 1591 1306 1633 ex
1329 1564 1460 1650 litteris,

163 1695 264 1758 quas
296 1675 422 1742 Pansae
456 1677 547 1761 misi,
579 1699 757 1764 cognosces
790 1679 915 1762 omnia3
948 1699 1024 1741 nam
1055 1676 1117 1741 tibi
1151 1698 1262 1740 earum
1295 1676 1460 1761 exemplar

124 1800 146 1839 ia
161 1781 268 1847 misi.
312 1802 387 1849 xv11
409 1782 450 1848 Κ.
473 1784 552 1868 Apr.
575 1783 736 1851 Corduba.

686 1998 819 2064 xrxn.
853 1997 956 2086 (ιιι.)

490 2139 525 2208 c.
549 2139 730 2225 lsrurvs
753 2140 913 2207 Ponmo
936 2138 1157 2207 olcarum.

273 2283 397 2349 Balbus
417 2288 571 2368 quaestor
590 2305 710 2370 magna
727 2288 898 2349 numerata
915 2281 1062 2369 pecunia,
1085 2306 1203 2370 magno
1222 2284 1363 2369 pondere
1383 2285 1464 2368 auri,
1485 2301 1497 2348 1

168 2389 307 2455 maiore
327 2391 456 2477 argenti
479 2395 591 2457 coacto
616 2391 655 2456 de
678 2391 818 2475 publicis
837 2391 1070 2475 exactionibus,
1092 2413 1134 2455 ne
1153 2390 1315 2476 stipendio
1333 2391 1463 2477 quidem

127 2502 155 2541 ²⁰
171 2491 346 2562 militibus
365 2497 493 2562 reddito
515 2497 608 2562 duxit
631 2518 666 2562 se
685 2520 705 2561 a
723 2495 868 2563 Gadibus
887 2501 921 2562 et
940 2495 1084 2561 triduum
1103 2500 1298 2581 tempestate
1318 2502 1464 2562 retentus

174 2597 225 2662 ad
255 2601 388 2688 Calpem
416 2603 457 2668 K.
484 2602 553 2669 Iun.
582 2604 712 2669 traiecit
743 2626 813 2669 sese
845 2604 881 2668 in
913 2624 1048 2687 regnum
1075 2603 1222 2689 Bogudis
1253 2605 1350 2688 plane
1382 2605 1464 2669 bene

177 2709 376 2782 peculiatus.
421 2711 474 2775 his
498 2711 683 2776 rumoribus
707 2716 817 2776 utrum
837 2708 938 2775 Gadis
962 2709 1122 2774 referatur
1143 2732 1184 2774 an
1204 2709 1342 2776 Romam
1362 2748 1403 2758 —
1425 2710 1465 2775 ad

179 2805 334 2901 singulos
356 2816 443 2882 enim
467 2817 600 2883 nuntios
623 2818 812 2902 turpissime
841 2817 978 2882 consilia
1006 2821 1113 2882 mutat
1135 2854 1193 2904 —,
1220 2819 1365 2883 nondum
1388 2819 1465 2885 scio.

181 2919 245 2984 sed
270 2927 398 3007 praeter
424 2923 513 2989 furta
540 2930 574 2990 et
601 2925 731 3010 rapinas
760 2929 794 2990 et
821 2922 923 3009 virgis
952 2945 1064 2989 caesos
1092 2925 1198 2990 socios
1227 2926 1306 2990 haec
1336 2943 1500 3011 quoqnea

149 3016 267 3092 assuit
291 3065 328 3077 -
353 3034 392 3096 ut
419 3031 488 3116 ipse
521 3030 656 3117 gloriari
686 3032 783 3116 solet,
815 3031 941 3114 eadem,
974 3052 1055 3115 quae
1084 3029 1119 3097 Ο.
1138 3030 1259 3098 Caesar
1283 3056 1339 3097 -ε
1371 3033 1467 3119 ludis,

186 3145 272 3209 quos
289 3134 434 3203 Gadibus
457 3136 543 3222 fecit,
566 3136 767 3202 Herennium
792 3135 923 3201 Gallum
945 3136 1142 3202 histrionem
1166 3160 1292 3203 summo
1316 3138 1466 3204 ludorum

186 3229 242 3301 lie
262 3243 355 3310 anulo
374 3266 472 3310 aureo
491 3245 648 3311 donatum
667 3244 701 3310 in
720 3263 798 3309 xnn
818 3228 944 3308 sessum
964 3244 1150 3308 deduxit-
1168 3249 1219 3309 tot
1237 3246 1324 3310 enim
1343 3244 1465 3312 fecerat

187 3345 316 3415 ordnes
340 3350 502 3437 equestris
526 3353 591 3418 loci
616 3379 670 3439 —3
694 3350 995 3438 quattuorviratum
1018 3350 1083 3415 sibi
1104 3352 1309 3437 prorogavit3
1334 3351 1468 3417 comitia

187 3442 310 3521 biennii
328 3457 428 3524 biduo
446 3459 571 3544 habuit,
591 3459 654 3525 hoc
673 3463 725 3523 est
743 3457 952 3540 renuntiavit,
976 3478 1057 3541 quos
1078 3456 1106 3521 ei
1126 3457 1232 3522 visum
1252 3463 1316 3546 est3
1339 3459 1466 3524 exsules

165 3557 331 3649 eredunt,
360 3586 429 3631 non
459 3567 576 3632 horum
608 3571 807 3651 temporum,
840 3564 896 3629 sed
928 3563 1075 3649 illorum,
1108 3562 1225 3650 quibus
1254 3588 1273 3630 a
1303 3565 1467 3632 seditiosis
1535 3566 1547 3589 ⁰

194 3671 320 3736 enatus
352 3673 534 3737 trucidatus
567 3676 625 3737 aut
657 3671 810 3756 expulsus
838 3674 889 3734 est
913 3667 985 3735 Sex.
1009 3669 1097 3736 Varo
1130 3693 1257 3756 procos.
1302 3672 1360 3738 illa
1390 3694 1503 3747 veroa

198 3782 401 3805 „m

237 3926 252 3939 ..
282 3867 302 3919 3.
320 3863 453 3920 libertate
472 3865 593 3936 HDssl.
609 3865 681 3939 (in)
701 3867 813 3919 tuorum
831 3864 891 3917 alii.
924 3863 959 3930 cf.
979 3862 1103 3920 &hrrida
1117 3883 1147 3935 p.
1162 3871 1194 3918 21
1211 3867 1219 3934 l
1234 3871 1258 3922 6,
1279 3864 1379 3935 quanti
1393 3864 1466 3939 <id>

206 3920 251 3980 (Μ
262 3933 271 4000 l
282 3936 302 3989 7.
321 3935 371 3990 abs
391 3936 453 3990 HD
465 3938 478 4019 l
489 3941 513 3992 8.
533 3943 558 3991 9.
579 3935 724 4009 prouincia
741 3934 937 3989 manducando
954 3935 996 4003 M,
1015 3935 1192 4005 prouinciam
1211 3954 1247 3992 an
1267 3937 1394 3992 ducendo
1414 3936 1446 3992 H
1460 3940 1469 4007 {l

210 3997 245 4051 ¹²·
259 4008 379 4079 possunt]
403 4010 513 4077 posunt
531 4009 698 4080 Wesenberp.
731 4010 766 4075 ef.
791 4007 913 4061 Submota
932 4025 962 4077 p.
977 4012 1012 4060 23
1040 4009 1049 4076 ΙΙ
1078 4013 1118 4064 14,
1142 4007 1208 4062 misi
1226 4010 1299 4078 HD,
1323 4008 1394 4063 mihi
1413 4009 1451 4064 M
1461 4014 1470 4079 p

213 4069 247 4124 ll.
260 4077 356 4133 maiore
378 4096 414 4134 aa
435 4078 525 4134 maior
543 4080 594 4133 Μθ
620 4081 630 4149 ll
657 4086 699 4134 20.
719 4078 835 4133 milibus
853 4078 891 4131 M
911 4077 1061 4148 (militibus
1081 4080 1140 4149 Mf)
1167 4083 1176 4150 ΙΙ
1203 4080 1325 4149 gadibus
1349 4099 1383 4136 en
1406 4097 1469 4151 gra-

214 4133 277 4198 uta
292 4150 336 4204 Μ1
362 4153 373 4221 u
400 4155 443 4205 21.
466 4149 594 4223 Calpem]
620 4150 726 4221 Calpen
749 4152 808 4205 alii.
841 4149 877 4216 cf.
896 4150 1020 4204 Submota
1038 4151 1087 4205 As.
1109 4151 1161 4205 1>st
1175 4158 1236 4221 pt
1259 4155 1268 4222 ss
1291 4151 1412 4223 bogudis
1431 4152 1470 4219 D,

213 4214 279 4270 lllll
297 4239 330 4276 aa
348 4221 486 4292 bugudis,
508 4231 540 4278 ut
562 4223 631 4290 oid„
655 4222 769 4292 bogutis
789 4220 830 4274 Μ.
859 4222 893 4287 of.
913 4222 1068 4292 Landpras
1082 4225 1120 4276 ad
1137 4224 1161 4277 b.
1181 4223 1261 4278 Alex.
1282 4230 1324 4293 59,
1340 4230 1369 4292 3,
1393 4242 1470 4295 quem

214 4286 282 4343 baur
304 4295 421 4349 nimium
446 4311 480 4349 aa
503 4295 553 4349 hoc
579 4296 687 4349 aeneiae
715 4292 874 4349 concludere
897 4299 967 4360 pato
994 4298 1004 4362 11
1031 4298 1073 4348 22.
1098 4292 1135 4347 ad
1159 4293 1221 4346 HD
1239 4295 1323 4364 (Mf),
1352 4311 1389 4350 an
1415 4296 1452 4350 M

213 4358 243 4411 lt
258 4366 343 4419 mutat
360 4362 488 4434 consilia,
507 4367 556 4420 alt.
577 4381 595 4418 a
615 4372 627 4417 1
649 4382 682 4419 erc
701 4381 725 4433 o,
745 4366 780 4418 H
796 4367 806 4435 ss
828 4367 870 4417 27.
891 4363 1097 4435 donatumlffllsf
1113 4364 1151 4431 in,
1171 4369 1241 4418 3-4
1260 4367 1311 4422 litt.
1331 4384 1397 4435 raa,
1415 4369 1452 4421 M
1463 4378 1472 4436 :l

124 4484 128 4511 ,ι
210 4425 297 4488 iecerat
312 4453 362 4492 om.
382 4436 501 4506 111128.
520 4436 696 4508 prorogavit]
716 4438 750 4503 cs.
770 4438 923 4492 Mommsen
943 4437 976 4490 ‘a
997 4435 1123 4491 Stactar!
1145 4436 1176 4489 Ι3
1190 4455 1221 4506 p.
1236 4441 1297 4506 500,
1313 4444 1337 4506 1,
1357 4444 1447 4507 637,1
1472 4461 1473 4464 “

124 4520 131 4595 ι
207 4506 240 4557 tt.
256 4507 364 4562 reduxit
381 4525 416 4563 ea
434 4507 533 4562 eduxit
552 4508 597 4560 Ml
620 4513 630 4575 ΙΙ
653 4513 694 4562 31.
719 4509 780 4562 Ser.
800 4509 875 4562 Varo
894 4507 1014 4576 procos]
1038 4507 1073 4574 cf.
1094 4508 1233 4575 Wiladorf
1247 4509 1341 4578 Leipz.
1362 4510 1441 4566 stac.
1463 4512 1472 4563 1

248 4676 293 4718 Crc.
307 4690 340 4728 ep.
354 4679 391 4720 ed.
405 4679 618 4721 Mondolssohn.
1227 4677 1259 4723 18
