3286 5460
261 375 326 438 424
711 373 747 427 Ill.
767 371 873 425 TVLLI
893 368 1082 425 CICERONIS

262 545 355 603 tanto
380 538 538 602 desiderio
562 538 683 618 adficis,
706 541 743 601 ut
767 558 864 599 unam
888 534 968 599 mihi
992 534 1250 600 consolationem
1274 533 1450 618 relinquas,
1472 532 1539 598 fore

261 650 299 709 ut
322 645 490 728 utriusque
514 650 662 709 nostrum
686 642 832 706 absentis
852 641 1046 706 desiderium
1071 640 1193 705 crebris
1213 645 1246 705 et
1263 640 1370 725 longis
1390 639 1540 724 epistulis

263 753 416 817 leniatur:
445 751 531 835 quod
554 771 615 835 ego
639 771 705 813 non
728 750 824 814 modo
848 750 886 813 de
911 772 962 813 me
985 748 1047 813 tibi
1071 749 1229 833 spondere
1253 770 1400 832 possum,
1423 748 1481 813 sed
1504 749 1541 812 de

265 864 297 923 te
322 859 420 922 etiam
445 856 539 939 mihi;
563 857 686 920 nullam
710 857 797 920 enim
820 856 905 940 apud
925 878 976 921 me
995 855 1158 940 reliquisti
1177 854 1426 940 dubitationem,
1444 877 1541 938 quan·

231 989 246 1035 2
268 972 338 1029 tum
362 987 413 1028 me
437 986 571 1028 amares.
617 986 705 1045 nam,
729 968 766 1027 ut
789 963 847 1027 illa
870 963 1032 1047 omittam,
1055 985 1137 1048 quae
1161 963 1293 1028 civitate
1316 966 1401 1027 teste
1424 961 1543 1046 fecisti,
1568 983 1580 1021 s

263 1095 336 1137 cum
365 1093 491 1135 mecum
519 1069 708 1134 inimicitias
737 1069 1031 1154 communicavisti,
1059 1092 1134 1135 cum
1162 1092 1213 1134 me
1242 1069 1450 1134 contionibus
1476 1069 1542 1133 tuis

264 1179 450 1259 defendisti,
478 1200 551 1241 cum
580 1181 735 1260 quaestor
761 1177 795 1241 in
824 1198 897 1241 mea
919 1181 1018 1261 atque
1041 1177 1075 1241 in
1099 1177 1229 1261 publica
1252 1198 1350 1241 causa
1373 1176 1544 1241 consulum

262 1290 373 1369 partes
408 1281 594 1367 suscepisti,
627 1304 701 1347 cum
732 1283 865 1348 tribuno
897 1283 1002 1368 plebis
1032 1288 1185 1367 quaestor
1213 1305 1277 1348 non
1305 1281 1458 1367 paruisti,
1491 1282 1543 1347 cui

265 1394 340 1455 tuus
369 1389 563 1474 praesertim
586 1390 722 1474 conlega
745 1394 887 1473 pareret,
914 1394 951 1453 ut
975 1391 1055 1454 haec
1079 1389 1234 1475 recentia,
1259 1411 1341 1474 quae
1363 1389 1543 1454 meminero

265 1519 401 1580 semper,
421 1495 604 1577 obliviscar,
624 1517 705 1579 quae
725 1501 782 1562 tua
801 1496 985 1561 sollicitudo
1005 1497 1043 1561 de
1063 1520 1115 1562 me
1134 1498 1168 1562 in
1187 1497 1295 1581 armis,
1315 1518 1397 1581 quae
1416 1495 1583 1560 laetitiam

264 1605 298 1667 in
326 1603 446 1686 reditu,
474 1624 555 1686 quae
584 1625 674 1687 cura,
703 1604 758 1688 qui
788 1604 896 1687 dolor,
924 1625 998 1667 cum
1026 1604 1066 1667 ad
1095 1609 1127 1668 te
1152 1626 1246 1670 curae
1271 1607 1304 1668 et
1326 1603 1456 1667 dolores
1480 1603 1543 1667 mei

265 1710 498 1794 perferrentur,
528 1709 739 1775 Brundisium
767 1707 904 1794 denique
934 1714 966 1774 te
995 1710 1035 1774 ad
1062 1733 1114 1775 me
1141 1716 1315 1789 venturum
1337 1709 1454 1794 fuisse,
1480 1709 1543 1774 nisi

266 1817 375 1880 subito
400 1817 433 1879 in
453 1815 646 1899 Hispaniam
670 1817 789 1882 missus
813 1839 910 1901 esseS,
932 1854 969 1863 -
991 1821 1028 1881 ut
1051 1817 1129 1882 haec
1153 1818 1256 1903 igitur
1275 1817 1437 1900 omittam,
1461 1838 1543 1901 quae

266 1923 346 1987 mihi
368 1923 451 1986 tanti
472 1923 673 1987 aestimanda
693 1928 778 2008 sunt,
802 1924 916 2008 quanti
935 1924 1036 1988 vitam
1056 1924 1193 1989 aestimo
1213 1928 1246 1987 et
1265 1923 1405 1988 salutem
1429 1945 1544 2007 meam,

267 2030 349 2093 liber
372 2029 449 2111 iste,
473 2051 569 2112 quem
593 2030 673 2094 mihi
698 2030 828 2115 misisti,
851 2034 1008 2114 quantam
1026 2029 1127 2095 habet
1151 2028 1404 2094 declarationem
1427 2030 1549 2095 amoris
1564 2058 1587 2097 15

267 2134 329 2198 tui!
359 2134 514 2218 primum,
542 2134 628 2219 quod
656 2135 718 2198 tibi
747 2134 888 2199 facetum
916 2134 1057 2219 videtur,
1085 2137 1239 2221 quicquid
1267 2157 1328 2221 ego
1357 2136 1549 2221 dixi‚‘quod

267 2242 322 2305 alii
346 2241 484 2305 fortasse
508 2262 574 2304 non
597 2241 691 2324 item3
719 2241 847 2324 deinde,
875 2244 960 2325 quod
984 2242 1053 2321 illa,
1080 2243 1147 2309 sive
1169 2242 1278 2308 faceta
1301 2246 1378 2308 sunt
1400 2241 1471 2308 sive
1495 2243 1550 2327 sic,

266 2350 350 2411 fiunt
373 2351 526 2411 narrante
547 2351 579 2410 te
599 2347 844 2431 venustissima3
868 2348 1077 2435 quinetiam,
1099 2353 1175 2414 ante
1195 2370 1293 2432 quam
1312 2349 1423 2414 adme
1442 2349 1549 2414 venis-

234 2460 332 2538 3tur,
355 2455 440 2518 risus
465 2453 570 2517 omnis
594 2475 695 2538 paene
720 2454 932 2518 consumitur.
976 2456 1061 2539 quod
1086 2456 1115 2519 si
1138 2456 1172 2519 in
1195 2455 1242 2519 eis
1266 2454 1448 2519 scribendis
1466 2455 1550 2520 nihil

212 2641 216 2648 ⁸
268 2561 355 2624 aliud
379 2561 453 2643 nisi,
472 2561 558 2644 quod
577 2581 709 2625 necesse
727 2560 800 2642 fuit,
819 2561 857 2625 de
876 2583 942 2625 uno
962 2584 1012 2626 me
1033 2560 1158 2626 tamdiu
1177 2559 1402 2646 cogitavisses,
1425 2562 1549 2627 ferreus
1563 2593 1588 2630 so

268 2690 381 2749 essem,
406 2667 432 2730 si
457 2671 489 2732 te
513 2689 579 2731 non
603 2689 760 2751 amarem3
788 2689 861 2731 cum
885 2688 961 2731 vero
985 2690 1036 2752 ea,
1066 2689 1148 2752 quae
1173 2666 1336 2751 scriptura
1358 2673 1549 2751 persecutus

268 2798 315 2856 es,
345 2775 414 2838 sine
444 2796 570 2839 summo
601 2796 710 2839 amore
726 2773 884 2859 ,cogitare
912 2797 978 2838 non
1005 2775 1165 2858 potueris,
1192 2796 1259 2838 non
1282 2796 1417 2858 possum
1441 2775 1550 2839 existi·

268 2903 357 2944 mare
385 2882 458 2965 plus
488 2902 684 2964 quemquam
708 2903 728 2945 a
751 2902 784 2945 sc
809 2881 879 2964 ipso
905 2902 1002 2964 quam
1026 2903 1076 2945 me
1101 2904 1120 2945 a
1144 2885 1176 2945 te
1200 2881 1316 2945 amari:
1344 2882 1396 2946 cui
1420 2882 1549 2965 quidem

269 3010 329 3071 ego
359 2988 462 3052 amori
490 2987 616 3050 utinam
647 2986 762 3051 octaris
791 2987 887 3050 rebus
915 2989 1060 3070 possem!
1089 3010 1199 3051 amore
1226 2992 1313 3052 certe
1337 2988 1549 3072 respondebo,

233 3123 249 3168 4
270 3117 333 3177 quo
353 3098 462 3157 tamen
482 3094 554 3177 ipso
573 3093 635 3157 tibi
654 3093 779 3158 confido
799 3092 947 3157 futurum
966 3093 1056 3157 satis.
1088 3116 1173 3159 nunc
1192 3094 1232 3158 ad
1252 3095 1427 3178 epistulam
1447 3096 1548 3181 venio,
1562 3123 1586 3166 25

270 3200 321 3264 cui
350 3200 479 3283 copiose
508 3203 541 3263 et
569 3199 712 3264 suaviter
741 3200 880 3283 scriptae
905 3199 988 3264 nihil
1012 3204 1062 3264 est
1086 3201 1172 3284 quod
1196 3200 1300 3265 multa
1322 3203 1548 3287 respondeam:

268 3306 410 3390 primum
445 3306 530 3369 enirn
564 3327 625 3391 ego
659 3306 732 3371 illas
761 3304 860 3372 Calvo
892 3306 1020 3372 litteras
1054 3307 1128 3371 misi
1160 3329 1226 3372 non
1254 3309 1328 3392 plus
1355 3331 1454 3416 quam
1482 3309 1550 3394 has,

271 3434 350 3495 quas
379 3432 463 3475 nunc
491 3411 588 3497 legis,
617 3412 807 3476 existimans
836 3412 993 3497 exituras3
1022 3413 1118 3477 aliter
1142 3414 1227 3478 eninr
1252 3415 1439 3500 scribimus,
1464 3415 1549 3501 quod

270 3540 325 3582 eos
350 3518 451 3599 solos,
479 3518 597 3601 quibus
621 3518 797 3602 mittimus,
825 3518 934 3603 aliter,
960 3520 1045 3602 quod
1069 3521 1191 3585 multos
1215 3521 1358 3586 lecturos
1381 3525 1550 3605 putamus,

270 3625 383 3688 deinde
411 3625 578 3708 ingenium
606 3626 675 3689 eius
704 3626 894 3689 melioribus
919 3625 1019 3689 extuli
1042 3626 1209 3711 laudibus,
1235 3617 1335 3711 quam
1357 3631 1395 3692 tu
1419 3628 1452 3692 id
1476 3651 1548 3693 vere
1562 3657 1591 3695 so

271 3730 417 3814 potuisse
440 3731 512 3794 fieri
535 3734 641 3814 putas,
663 3732 806 3815 primum
829 3733 915 3815 quod
939 3732 986 3795 ita
1009 3733 1205 3798 iudIcabam:
1229 3738 1322 3798 acute
1346 3735 1550 3818 movebatur3

272 3858 374 3920 genus
408 3837 568 3920 quoddam
601 3838 811 3921 sequebatur,
844 3837 878 3900 in
911 3858 974 3919 quo
1008 3838 1127 3902 iudicio
1160 3840 1284 3923 lapsus,
1317 3862 1381 3924 quo
1412 3841 1550 3925 valebat,

271 3947 381 4005 tamen
416 3942 667 4026 adsequebatur,
701 3945 786 4027 quod
819 3945 985 4027 probarer,
1018 3945 1141 4009 multae
1175 3951 1267 4011 erant
1299 3952 1332 4010 et
1365 3950 1549 4013 reconditas

362 4105 384 4152 1.
404 4099 546 4167 relinquas
566 4100 607 4165 D,
631 4099 774 4169 relinquar
797 4101 896 4154 MFH
915 4105 924 4170 ss
948 4107 972 4155 3.
996 4102 1165 4171 respondere
1190 4103 1218 4155 Ν
1238 4106 1247 4171 ll
1271 4111 1295 4158 7.
1320 4118 1384 4158 mea
1407 4104 1483 4172 MD,
1507 4121 1549 4158 mo

272 4170 332 4223 ΡΗ
355 4173 364 4236 ΙΙ
387 4170 416 4222 in
436 4171 480 4238 M,
499 4189 559 4239 sup.
578 4190 628 4226 scr.
648 4171 700 4235 D¹,
719 4191 769 4226 one.
792 4173 851 4226 ΡΗ
879 4176 888 4241 ΙΙ
916 4179 939 4227 8.
960 4178 983 4226 9.
1004 4172 1048 4226 cui
1068 4172 1124 4226 tuis
1146 4174 1208 4227 FH
1223 4178 1265 4244 (ra
1283 4175 1318 4228 H
1332 4183 1478 4244 atrumque
1496 4195 1547 4231 rarae.

273 4243 301 4293 in
322 4245 385 4307 rus.)
408 4244 417 4308 ll
442 4246 482 4294 11.
503 4259 566 4294 cum
585 4243 630 4308 M,
654 4259 738 4311 quarn
759 4243 862 4310 FHD,
882 4252 912 4297 ut
931 4261 1015 4312 quom
1033 4246 1204 4300 scribendum
1222 4247 1349 4300 videatur
1371 4249 1381 4314 ΙΙ
1404 4247 1461 4300 mei
1480 4248 1548 4315 MD,

272 4330 320 4364 om.
344 4313 400 4364 Fll
426 4316 434 4380 ll
458 4319 498 4365 12.
519 4313 693 4380 perferentur
714 4315 775 4367 IH
794 4317 803 4382 ΙΙ
827 4320 867 4368 14.
888 4314 962 4367 tanti
981 4316 1026 4381 M,
1049 4316 1132 4368 tanta
1151 4316 1240 4369 I'HD
1263 4319 1272 4384 ΙΙ
1297 4323 1337 4370 15,
1357 4317 1478 4371 missisti
1496 4319 1549 4381 Mi

272 4386 406 4448 quantam
427 4387 573 4451 (quantum
593 4385 639 4452 M)
657 4385 745 4438 habet
764 4385 833 4439 dccl.
849 4386 920 4447 MD,
940 4389 1076 4453 quantum
1096 4385 1165 4440 decl.
1186 4387 1216 4440 F
1216 4387 1249 4440 H
1260 4391 1269 4455 ΙΙ
1285 4394 1324 4441 17.
1345 4388 1414 4459 alii]
1428 4389 1494 4443 aliis
1513 4396 1543 4447 ς’

273 4452 324 4523 sic]
345 4470 423 4506 secus
443 4457 494 4507 otii
508 4456 517 4522 ll
533 4462 572 4508 19.
594 4456 646 4524 cisl
667 4455 701 4509 iis
721 4458 762 4525 M,
782 4456 825 4509 his
847 4457 914 4522 HD,
934 4456 977 4508 bis
1001 4458 1028 4509 F
1046 4463 1053 4522 ll
1069 4464 1110 4512 ⁵30.
1131 4457 1171 4510 fui
1190 4459 1226 4511 M
1237 4462 1246 4527 ΙΙ
1260 4459 1295 4511 de
1315 4477 1369 4512 uno
1390 4463 1548 4530 trascripta

274 4527 302 4575 iu
321 4526 356 4577 M
372 4528 381 4592 ll
400 4526 554 4593 cogitasses
574 4528 606 4579 H
622 4530 692 4595 1122.
717 4528 842 4597 cogitare
866 4544 921 4580 non
941 4528 1064 4596 potueris
1084 4529 1158 4595 MD,
1184 4529 1317 4598 cogitaris
1338 4530 1400 4584 Fn
1412 4534 1421 4599 ΙΙ
1436 4537 1479 4586 94.
1499 4548 1548 4600 ego

272 4614 321 4647 rou.
344 4597 373 4646 ll
390 4600 399 4664 l}
418 4596 518 4649 esteris
539 4598 642 4663 FMD,
665 4598 748 4651 cortis
768 4601 813 4666 M,
837 4601 909 4668 quod
928 4601 1048 4664 desiorlr't
1068 4601 1209 4654 Lehmann
1224 4621 1253 4669 p.
1270 4607 1301 4653 41
1322 4604 1332 4670 ΙΙ
1351 4608 1392 4656 25.
1413 4602 1548 4671 futurum]

273 4667 412 4718 facturum
434 4669 579 4722 Manutius
601 4672 610 4736 ΙΙ
634 4675 674 4723 27,
696 4687 748 4751 ogo
768 4672 843 4737 MD,
868 4689 917 4723 orn.
943 4671 1001 4722 [Ἦ
1020 4674 1029 4738 ΙΙ
1052 4670 1150 4738 Calvol
1171 4672 1206 4738 es.
1226 4673 1321 4742 Meyer
1340 4691 1378 4727 or.
1399 4674 1479 4729 Rom.
1498 4676 1547 4740 sn*

272 4756 297 4802 p,
314 4743 365 4788 470
384 4756 420 4805 sq.
436 4742 444 4804 ll
459 4747 500 4792 29.
518 4740 620 4806 quibus
636 4741 791 4794 amittimus
807 4741 843 4794 M
853 4743 861 4806 ΙΙ
876 4747 917 4793 30.
933 4741 1107 4812 melioribus]
1122 4741 1275 4795 maioribus
1292 4745 1404 4798 Ernesti
1418 4748 1427 4814 ΙΙ
1441 4745 1471 4798 id
1487 4762 1547 4798 uere

273 4824 306 4859 ea·
325 4807 400 4859 idere
420 4810 454 4860 M
460 4809 464 4842 ¹
480 4813 489 4876 ll
504 4818 545 4863 33.
565 4812 709 4882 probarat]
728 4814 862 4880 probarat
881 4814 1040 4881 Nipperdey
1059 4815 1159 4882 (opo-sc.
1175 4832 1205 4881 p.
1221 4818 1283 4883 466)
