3286 5460
199 377 262 443 136
648 378 685 431 M.
706 375 813 431 TVLLI
831 374 1020 432 CICERONIS

199 546 279 607 tuna
305 540 438 626 fuisses,
464 541 529 606 nisi
557 563 595 606 eo
623 541 695 626 ipso
724 541 810 606 bono
838 545 910 625 tuo,
940 563 1005 626 quo
1033 540 1228 628 delectatur,
1254 564 1290 607 se
1317 540 1475 607 violatum

198 651 360 733 putasset3
391 648 477 732 quod
504 649 612 733 ipsum
635 648 756 713 lenitur
784 647 917 735 cotidie,
947 647 1214 734 significaturque
1235 648 1332 715 nobis
1357 648 1399 714 ab
1422 647 1475 733 eis,

200 756 256 840 qui
279 755 376 820 simul
401 777 474 821 cum
497 778 535 820 eo
558 755 697 840 vivunt,
715 756 778 821 tibi
800 756 884 822 hanc
907 755 1013 841 ipsam
1037 756 1224 842 opinionem
1245 753 1371 843 ingenii
1394 755 1474 841 apud

163 863 292 928 sillum
319 863 497 948 plurimum
524 861 739 947 profuturam.
786 868 985 948 quapropter
1012 863 1155 947 primum
1181 862 1234 929 fac
1262 861 1372 928 animo
1399 860 1473 927 forti

199 974 297 1054 atque
327 991 446 1056 magno
475 969 521 1034 sis
543 1005 588 1016 —
611 970 659 1034 ita
686 970 772 1035 enirn
799 974 911 1055 natus,
939 970 988 1034 ita
1015 969 1185 1056 educatus,
1214 969 1263 1035 ita
1290 968 1408 1035 doetus
1433 990 1500 1053 aas

200 1077 248 1141 ita
270 1076 371 1141 etiam
395 1076 560 1161 cognitus,
589 1079 627 1140 ut
649 1075 712 1140 tibi
735 1076 768 1141 id
790 1075 974 1141 iaciendum
998 1074 1042 1141 sit
1064 1112 1122 1161 —,
1148 1076 1263 1143 deinde
1286 1097 1472 1161 spemque

200 1206 261 1269 que
289 1183 411 1249 habeas
443 1183 664 1248 firmissimam
696 1187 831 1268 propter
858 1204 912 1248 eas
943 1204 1071 1269 causas,
1103 1205 1185 1268 quas
1217 1183 1349 1268 scripsi:
1380 1205 1400 1248 a
1426 1204 1471 1247 me

201 1312 276 1355 vero
301 1291 363 1355 tibi
388 1289 497 1355 omnia
519 1289 695 1375 liberisque
719 1290 785 1355 tuis
813 1290 1024 1374 paratissim
1047 1312 1117 1356 esse
1141 1290 1285 1356 confidas
1306 1289 1420 1375 velim3
1443 1288 1471 1354 id

201 1397 287 1462 enim
311 1400 344 1461 ot
367 1401 513 1461 vetustas
540 1398 646 1463 nostri
674 1397 795 1461 amoris
820 1401 853 1462 et
875 1420 948 1462 mea
975 1396 1174 1464 consuetudo
1196 1396 1232 1461 in
1254 1418 1346 1463 meos
1368 1401 1403 1462 et
1422 1400 1471 1461 tua

202 1504 306 1569 multa
329 1525 408 1589 erga
431 1526 481 1568 me
506 1504 614 1570 officia
637 1504 814 1590 postulant.
1480 1527 1498 1563 n

743 1716 799 1783 vr.
835 1715 939 1806 (229.)

508 1858 552 1923 M.
576 1856 735 1925 menno
760 1858 791 1925 s.
815 1859 853 1926 n.
878 1860 917 1926 n.
941 1858 1179 1927 CAECINAE.

168 2021 182 2068 1
292 2001 428 2087 Vereor,
455 2025 496 2066 ne
524 2001 686 2067 desideres
714 2002 860 2068 officium
887 2026 996 2069 meum
1018 2040 1063 2051 -
1087 2004 1173 2088 quod
1195 2002 1258 2069 tibi
1280 2025 1343 2089 pro
1369 2006 1482 2069 nostra

203 2114 236 2176 et
264 2110 454 2175 meritorum
478 2109 658 2174 multorum
686 2113 720 2174 et
748 2110 931 2174 studiorum
960 2111 1089 2195 parium
1117 2110 1347 2177 coniunctione
1373 2110 1488 2177 deesse

202 2240 268 2283 non
301 2218 398 2284 debet
426 2253 485 2301 —,
518 2217 574 2281 sed
607 2221 717 2282 tamen
750 2239 879 2301 vereor,
910 2239 951 2282 ne
982 2216 1170 2283 litterarum
1201 2241 1221 2283 a
1253 2240 1305 2283 me
1339 2216 1489 2283 officium
1509 2224 1554 2269 1⁵

203 2325 365 2410 requiras,
394 2346 474 2408 quas
504 2324 565 2388 tibi
590 2328 624 2389 et
645 2324 712 2389 iam
735 2324 861 2410 pridem
885 2328 918 2389 et
941 2346 1037 2410 saepe
1065 2323 1243 2409 misissem,
1270 2324 1337 2391 nisi
1364 2323 1494 2390 cotidie

204 2431 321 2496 melius
353 2434 545 2515 exspectans
579 2429 833 2516 gratulationem
865 2452 963 2515 quam
996 2430 1277 2497 confirmationem
1304 2430 1408 2497 animi
1439 2426 1496 2497 tui

204 2539 376 2622 complecti
400 2537 522 2602 litteris
546 2537 743 2603 maluissem.
788 2559 886 2622 nunc,
914 2542 952 2603 ut
980 2560 1089 2623 spero,
1116 2538 1208 2604 brevi
1231 2537 1500 2624 gratulabimur:

170 2661 186 2709 a
205 2645 316 2730 itaque
340 2645 374 2708 in
398 2645 486 2709 aliud
509 2648 639 2728 tempus
662 2643 695 2708 id
719 2648 948 2730 argumentum
969 2646 1127 2730 epistolae
1150 2644 1277 2728 differo,
1299 2643 1354 2711 his
1376 2648 1502 2712 autam

203 2751 325 2818 litteris
354 2752 499 2817 animum
527 2755 634 2834 tuum,
662 2772 759 2835 quem
787 2750 920 2816 minime
947 2750 1148 2817 imbecillum
1176 2773 1247 2818 esse
1269 2756 1304 2817 et
1326 2752 1429 2819 audio
1457 2754 1505 2819 et
1599 2740 1620 2786 '²

206 2882 316 2944 spero,
350 2859 412 2924 etsi
444 2880 510 2924 non
542 2858 793 2943 sapientissimi,
827 2862 862 2923 at
891 2858 1090 2937 amicissimi
1111 2858 1254 2925 hominis
1287 2860 1507 2926 auctoritate

206 2966 462 3031 confirmandum
486 2966 586 3031 etiam
610 2969 706 3049 atque
730 2966 830 3030 etiam
853 2971 943 3051 puto,
968 2989 1028 3032 nec
1051 2967 1098 3031 eis
1122 2965 1253 3051 quidem
1276 2966 1398 3052 verbis,
1422 2966 1510 3053 qui⁴

206 3073 267 3137 bus
292 3076 326 3137 te
350 3073 499 3138 consoler
521 3079 559 3136 ut
582 3072 746 3137 adflictum
771 3077 804 3137 et
826 3071 893 3137 iam
916 3072 1005 3138 omni
1028 3095 1085 3157 spe
1109 3072 1226 3137 salutis
1245 3073 1412 3158 orbatum,
1435 3068 1515 3139 secl

207 3183 244 3243 ut
267 3202 354 3262 eum,
378 3180 415 3243 de
440 3179 530 3243 euius
554 3179 779 3244 incolumitate
803 3201 868 3243 non
892 3180 966 3265 plus
990 3179 1149 3264 dubitem,
1173 3201 1272 3264 quam
1294 3183 1328 3244 te
1352 3174 1518 3247 memini

207 3286 356 3351 dubitare
381 3286 418 3350 de
442 3308 526 3370 mea3
556 3308 645 3370 nam,
674 3308 748 3352 cum
772 3308 823 3351 me
847 3309 886 3351 ex
909 3309 943 3351 re
966 3310 996 3371 p.
1019 3285 1220 3370 expulissent
1243 3285 1286 3369 ei,
1314 3285 1371 3371 qui
1395 3285 1528 3353 illan
1573 3278 1639 3327 ῤ’

208 3393 320 3459 cadere
343 3414 444 3478 possa
462 3398 570 3457 stante
594 3417 646 3459 me
669 3416 735 3458 non
757 3398 924 3479 putarunt,
947 3393 1081 3459 memini
1105 3416 1155 3458 me
1179 3415 1218 3458 ex
1240 3392 1356 3459 multis
1378 3392 1621 3481 hospi!

208 3497 309 3583 tibus,
338 3500 394 3583 qui
418 3501 457 3564 ad
481 3523 532 3565 me
556 3523 594 3565 ex
617 3500 711 3583 Asia,
740 3501 774 3564 iu
798 3504 921 3585 quatu
946 3522 1031 3583 eras,
1059 3505 1228 3586 venerant,
1255 3499 1368 3565 andus
1393 3504 1430 3567 te
1454 3496 1624 3567 (Ιώ

174 3607 353 3692 aglorioso
386 3611 419 3670 et
452 3607 547 3672 celeri
581 3608 688 3672 reditu
720 3629 793 3672 meo
830 3607 1031 3672 confirmare.
1084 3606 1113 3672 si
1144 3611 1177 3671 te
1210 3606 1295 3671 ratio
1328 3602 1629 3693 quaeda&

207 3713 366 3778 Etruscae
391 3713 589 3798 disciplinae,
613 3735 712 3797 quam
736 3718 883 3798 epatre,
906 3714 1111 3779 nobilissimo
1136 3717 1233 3797 atque
1257 3712 1386 3797 optimo
1412 3714 1633 3781 viro*

209 3841 392 3904 acceperas,
414 3842 481 3884 non
502 3819 634 3905 fefellit,
656 3843 696 3884 ne
719 3842 779 3884 nos
804 3821 934 3904 quidem
956 3825 1071 3886 nostra
1093 3821 1251 3886 divinatio
1273 3820 1384 3907 fallet,
1413 3817 1638 3917 nantss

209 3947 282 3991 cum
306 3925 620 4010 sapientissimorum
644 3927 788 3991 virorum
812 3927 1031 3992 monumentis
1060 3931 1158 4013 atque
1182 3926 1366 4012 praeceptis
1391 3928 1468 4015 plur
1531 3940 1586 3957 ‘
1616 3928 1641 3969 ¹'

300 4125 325 4173 2.
345 4118 516 4187 cottidieque
536 4120 711 4190 significatur
730 4121 756 4176 G
778 4122 788 4190 11
811 4119 872 4247 eis}
882 4119 927 4174 his
945 4122 985 4189 ll,
1003 4120 1039 4175 iis
1059 4136 1075 4179 ς
1097 4123 1107 4189 11
1131 4126 1154 4175 3.
1174 4119 1272 4175 uiuum
1289 4121 1337 4191 M,
1356 4120 1443 4191 uiuit,
1459 4144 1485 4161 ¹-
1625 4139 1626 4143 ’

208 4191 276 4257 vin,
301 4188 339 4246 (3¹
367 4193 376 4259 11
403 4189 456 4243 tibi
480 4208 529 4245 ocu.
553 4191 582 4246 R
608 4195 617 4260 11
646 4200 669 4245 8.
693 4191 751 4245 tuis
774 4208 823 4246 oin.
877 4192 917 4262 11
940 4208 1000 4246 esse
1023 4192 1120 4249 ounG
1147 4194 1157 4262 11
1185 4197 1226 4246 12.
1246 4193 1292 4265 Δ.1
1317 4192 1435 4248 antonio
1454 4206 1499 4245 ν
1601 4170 1637 4229 (ἶ

208 4280 259 4316 orn
278 4261 341 4316 MR
367 4264 377 4330 1
405 4266 446 4315 13.
471 4263 578 4333 vereor]
603 4262 701 4336 (non)
725 4279 822 4317 vereor
845 4264 905 4317 (dii.
933 4265 968 4330 cs.
988 4266 1131 4319 Lednmun
1149 4282 1177 4332 p.
1195 4269 1244 4317 121
1272 4265 1283 4333 1
1311 4269 1353 4319 14.
1377 4282 1453 4346 pan·
1626 4264 1637 4288 ¹⁸

216 4333 239 4383 V
240 4335 361 4399 letorius,
380 4335 492 4400 partum
506 4335 539 4397 a,
559 4333 629 4404 (et)
647 4334 769 4403 partium
788 4336 918 4404 (11111116.
938 4334 992 4388 tibi
1011 4353 1060 4390 our.
1077 4335 1132 4390 GR
1145 4338 1155 4404 11
1169 4336 1198 4388 et
1215 4334 1273 4389 iam
1287 4336 1331 4404 M,
1350 4338 1439 4391 stram
1608 4314 1640 4395 Bt

210 4405 239 4457 et
258 4406 284 4459 G
302 4406 312 4472 11
331 4407 360 4457 et
378 4420 462 4474 saepe
481 4402 633 4476 misissem]
657 4407 685 4459 et
704 4423 733 4459 se
753 4404 929 4459 demisissem
947 4406 993 4474 M,
1017 4405 1071 4460 etsi
1091 4405 1120 4459 di
1138 4406 1279 4461 misissem
1299 4407 1339 4473 G,
1362 4411 1393 4462 at
1411 4424 1441 4463 se
1516 4428 1560 4459 a
1614 4386 1637 4443 ὼ

208 4473 348 4529 misissem
366 4475 394 4530 R
417 4478 426 4542 1
450 4480 490 4529 18.
515 4493 587 4528 nunc
610 4494 650 4545 gr.
675 4477 714 4531 br.
740 4480 772 4530 ut
795 4496 835 4546 sp.
857 4477 883 4532 G
904 4479 914 4545 11
940 4481 979 4530 19,
1004 4477 1045 4549 id]
1069 4477 1099 4530 in
1117 4480 1144 4530 a
1165 4480 1175 4548 11
1197 4484 1240 4533 20.
1264 4481 1346 4533 tuum
1368 4496 1419 4534 om.
1437 4486 1491 4531 D
1560 4463 1617 4524 ἦ

209 4553 250 4601 21.
271 4545 337 4616 etsi]
357 4545 380 4598 si
401 4547 532 4601 Streicln’r
550 4550 590 4617 (p.
608 4551 747 4619 16411122.
768 4548 808 4603 eis
815 4554 820 4619 1
840 4547 885 4601 his
899 4550 933 4615 a,
953 4546 988 4601 iis
1004 4550 1098 4617 ς1125.
1119 4548 1157 4620 ei]
1177 4549 1239 4603 iia
1252 4552 1262 4618 11
1276 4556 1317 4604 26.
1337 4530 1628 4619 pummnd

209 4620 341 4684 putarent
359 4619 399 4671 orl
418 4621 553 4687 putarant
574 4621 616 4673 ccl
640 4619 780 4688 putabant
802 4623 943 4689 corripient
966 4621 975 4687 11
999 4628 1040 4673 ln.
1060 4620 1145 4674 ceteri
1164 4622 1202 4674 M
1220 4623 1230 4690 11
1252 4626 1294 4675 29.
1314 4623 1574 4674 etrusca&
1594 4622 1618 4693 ξι

210 4686 350 4740 iratuscec
374 4690 422 4754 M,
450 4688 522 4741 mire
545 4691 622 4743 tusce
646 4690 686 4756 R,
715 4691 793 4742 tusce
819 4691 851 4743 G.
887 4707 933 4744 nec
954 4692 1036 4744 tusca
1059 4698 1147 4755 formu
1170 4693 1260 4760 placet
1282 4708 1331 4746 nec
1353 4692 1389 4745 od
1409 4685 1615 4745 κείω

211 4760 335 4811 additum
350 4758 421 4811 mira
434 4761 443 4826 11
458 4766 499 4813 30.
514 4777 580 4812 nam
589 4763 623 4827 u,
643 4777 728 4827 quam
741 4779 755 4817 ς
770 4763 779 4828 11
794 4766 834 4814 31.
850 4761 1027 4815 nonumentis
1042 4762 1101 4831 (sio)
1115 4763 1157 4831 M,
1176 4761 1355 4816 monimentis
1364 4762 1397 4829 θ,
1408 4766 1611 4818 ἐξέρα

212 4845 333 4881 monum.
344 4828 393 4893 lu,
413 4829 527 4883 monitis
538 4831 655 4902 Kayser,
669 4834 740 4901 quood
753 4838 814 4900 post
828 4833 897 4886 ulios
907 4834 1008 4902 probat
1023 4834 1165 4888 Lehmann
1178 4836 1282 4904 (11831,
1298 4833 1548 4909 iniuria-⁵*
