3314 5460
271 377 337 438 416
731 376 757 429 Μ
786 375 892 430 TVLLI
911 374 1100 432 CICERONIS

271 539 471 604 existimatio
499 540 665 626 postulare
693 540 857 624 videatur,
884 544 923 604 ut
951 563 970 604 a
994 545 1026 604 te
1050 539 1201 624 plurimis
1224 539 1332 604 verbis
1356 537 1553 603 contendam

271 669 309 712 cc
331 651 450 731 petam,
473 651 512 710 nt
535 668 633 730 quam
655 646 1023 712 honorificentissimum
1047 650 1180 711 senatus
1204 645 1389 712 consultum
1410 646 1450 710 de
1469 646 1554 710 meis

271 752 367 818 rebus
396 753 499 839 gestis
528 753 716 818 faciundum
739 776 845 837 eures,
873 777 938 819 non
962 754 1064 819 audeo
1088 754 1295 818 vehementer
1318 776 1338 817 a
1360 757 1392 817 te
1416 755 1554 818 conten-

271 860 355 944 dere,
377 882 417 924 ne
441 865 499 925 aut
521 861 591 945 ipse
614 865 690 926 tuae
710 866 885 945 perpetuae
905 858 1149 925 consuetudinis
1167 881 1246 945 erga
1265 881 1316 924 me
1335 859 1458 924 oblitus
1477 881 1552 924 esse

235 989 250 1034 3
271 967 381 1031 videar
399 971 456 1032 aut
475 973 507 1032 te
527 968 667 1032 oblitum
686 972 806 1052 putem.
845 990 954 1053 quare,
976 972 1014 1032 ut
1032 971 1064 1031 te
1084 966 1166 1032 velle
1185 966 1337 1051 arbitror,
1356 967 1402 1031 ita
1421 965 1554 1052 faciam,
1580 989 1594 1027 a

271 1079 369 1158 atque
398 1076 439 1138 ab
468 1097 519 1158 eo,
547 1096 643 1159 quern
673 1096 784 1140 omnes
813 1080 928 1160 gentes
957 1074 1066 1140 sciunt
1093 1074 1131 1138 de
1161 1096 1212 1138 me
1240 1074 1362 1157 optime
1387 1074 1553 1158 meritum,

270 1182 413 1247 breviter
440 1186 558 1265 petam.
605 1181 632 1245 si
660 1179 717 1245 alii
747 1181 895 1246 consules
924 1185 1046 1263 essent,
1073 1181 1114 1244 ad
1137 1184 1171 1246 te
1192 1180 1417 1265 potissimum,
1440 1180 1554 1265 Paule,

271 1288 447 1372 mitterem,
477 1292 513 1353 ut
536 1310 591 1352 eos
616 1287 697 1352 mihi
721 1310 817 1372 quam
843 1288 1058 1353 amicissimos
1081 1287 1244 1354 redderes:
1271 1309 1370 1371 nunc,
1394 1309 1469 1352 cum
1493 1291 1554 1351 tua

270 1417 398 1460 summa
415 1399 563 1479 potestas
582 1417 771 1479 summaque
791 1396 969 1461 auctoritas
991 1399 1134 1480 notaque
1149 1393 1301 1460 omnibus
1314 1398 1430 1459 nostra
1442 1417 1553 1460 neces-

270 1502 379 1566 situdo
404 1502 457 1585 sit,
480 1502 688 1567 vehementer
711 1506 743 1568 te
768 1524 857 1587 rogo,
881 1507 919 1567 ut
939 1508 973 1567 et
992 1525 1090 1587 quam
1108 1500 1437 1567 honorificentissime
1457 1523 1552 1566 cures
1568 1522 1592 1562 rc

269 1609 505 1674 decernendum
534 1610 572 1674 dc
600 1609 680 1673 meis
709 1610 806 1674 rebus
833 1609 937 1695 gestis
966 1614 999 1674 et
1027 1632 1124 1694 quam
1148 1608 1336 1684 celerrimos
1355 1608 1474 1694 dignas
1498 1630 1552 1673 res

269 1737 340 1782 esse
363 1716 487 1781 honore
511 1721 544 1781 et
567 1716 789 1802 gratulatione
813 1738 990 1802 cognosces
1014 1739 1053 1782 ex
1076 1716 1122 1781 eis
1146 1715 1276 1799 litteris,
1299 1737 1379 1800 quas
1404 1715 1445 1780 ad
1464 1720 1499 1781 te
1518 1720 1553 1780 et

269 1822 440 1909 conlegam
463 1827 496 1887 et
517 1827 666 1888 senatum
685 1823 815 1907 publice
834 1824 917 1888 misi.
954 1823 1165 1909 omniumque
1183 1844 1328 1887 mearum
1348 1822 1552 1906 reliquarum

269 1951 378 1994 rerum
416 1930 619 2014 maximeque
656 1930 907 1995 existimationis
945 1953 1035 1997 meae
1067 1929 1328 2016 procurationem
1361 1933 1553 2013 susceptam

268 2036 366 2101 velim
388 2037 519 2121 habeas,
542 2038 576 2101 in
599 2038 776 2122 primisque
801 2038 862 2103 tibi
887 2060 981 2103 curae
1004 2039 1058 2122 sit,
1081 2037 1167 2122 quod
1190 2037 1248 2102 abs
1271 2041 1304 2101 te
1324 2034 1552 2119 superioribus
1566 2057 1590 2097 1⁵

268 2165 396 2228 quoque
423 2143 544 2208 litteris
572 2145 687 2229 petivi,
716 2167 757 2210 ne
785 2144 866 2209 mihi
894 2150 1023 2230 tempus
1051 2149 1261 2231 prorogetur:
1289 2142 1384 2227 cupio
1414 2146 1448 2207 te
1478 2164 1553 2207 con·

267 2250 371 2315 sulem
390 2250 498 2314 videre
518 2251 701 2335 omniaque,
720 2272 801 2335 quae
820 2273 925 2335 spero,
944 2273 1019 2316 cum
1037 2252 1163 2335 absens,
1185 2255 1254 2315 tum
1275 2250 1373 2315 etiam
1394 2271 1553 2334 praeseus

268 2361 301 2421 te
325 2357 458 2422 consule
482 2358 625 2442 adsequi.

803 2482 891 2548 xlv.
924 2482 1007 2570 (er.)

465 2625 507 2689 u.
532 2622 692 2691 oroneo
718 2624 804 2689 rue.
830 2624 861 2689 s.
884 2625 924 2690 n.
948 2625 981 2690 o.
1006 2622 1159 2690 olssro
1182 2623 1268 2690 ruo
1284 2661 1290 2672 -
1306 2623 1342 2700 o.
1565 2648 1590 2686 a

233 2792 243 2838 1
354 2766 397 2832 M.
421 2767 558 2832 Fadium
583 2768 666 2852 quod
693 2768 774 2832 mihi
793 2768 933 2834 amicum
952 2773 1010 2833 tua
1029 2767 1310 2833 commendatione
1329 2768 1396 2850 das,
1420 2767 1552 2832 nullum

265 2877 298 2939 in
322 2897 360 2940 eo
383 2875 468 2940 facio
488 2879 674 2960 quaestum,
696 2876 794 2940 multi
815 2877 901 2940 enim
920 2876 996 2940 anni
1016 2880 1101 2959 sunt,
1125 2897 1200 2939 cum
1219 2875 1273 2939 ille
1293 2874 1327 2939 in
1346 2896 1421 2939 aere
1441 2878 1554 2939 meost

264 2986 298 3046 et
320 3005 339 3046 a
363 3004 414 3046 me
438 2981 587 3066 diligitur
610 2987 744 3067 propter
768 3005 929 3048 summam
949 3005 1041 3048 suam
1060 2981 1301 3047 humanitatem
1319 2986 1353 3046 et
1372 2982 1554 3047 observan-
1571 3016 1584 3039 ·

265 3088 358 3171 tiam,
382 3089 437 3153 sed
462 3093 580 3172 tamen,
605 3090 690 3173 quod
713 3094 747 3154 te
771 3091 811 3154 ab
836 3111 875 3154 eo
899 3090 1029 3176 egregie
1053 3089 1146 3175 diligi
1166 3090 1262 3175 sensi,
1283 3088 1390 3153 multo
1409 3088 1552 3154 amicior

264 3194 293 3258 ei
318 3216 390 3258 sum
412 3194 528 3259 factus.
573 3196 694 3280 itaque,
720 3218 916 3280 quamquam
940 3196 1149 3281 profecerunt
1171 3195 1301 3260 litterae
1325 3200 1411 3277 tuae,
1435 3199 1553 3260 tamen
1567 3216 1593 3257 aa

264 3300 432 3386 aliquanto
455 3301 528 3385 plus
553 3302 843 3368 commendationis
865 3304 950 3387 apud
973 3325 1025 3367 me
1048 3302 1164 3367 habuit
1188 3303 1314 3367 animus
1338 3301 1446 3386 ipsius
1471 3323 1555 3388 erga

228 3413 296 3479 ate
324 3407 406 3472 mihi
433 3413 623 3493 perspectus
652 3413 686 3473 et
713 3409 873 3495 cognitus.
924 3410 979 3474 sed
1008 3408 1046 3474 de
1075 3408 1178 3473 Fadio
1206 3408 1361 3473 faciemus
1391 3408 1554 3493 studiose,

264 3537 347 3600 quae
379 3535 491 3601 rogas3
526 3519 562 3578 tu
595 3514 709 3580 multis
738 3516 777 3581 de
805 3516 912 3582 causis
939 3516 1057 3580 vellem
1086 3538 1137 3580 me
1166 3514 1335 3581 convenire
1363 3516 1554 3598 potuisses:

263 3623 404 3706 primum
427 3627 465 3686 ut
488 3629 531 3706 te,
554 3644 649 3706 quem
671 3621 794 3687 iamdiu
812 3623 946 3706 plurimi
964 3622 1059 3707 facio,
1082 3626 1175 3687 tanto
1194 3620 1366 3686 intervallo
1387 3620 1553 3709 vidercm3

263 3729 376 3794 deinde
404 3733 442 3793 ut
471 3728 546 3812 tibi,
575 3729 661 3812 quod
688 3729 752 3793 feci
780 3751 838 3815 per
865 3729 1009 3814 litteras,
1036 3751 1166 3813 possem
1191 3749 1345 3814 praesens
1369 3729 1553 3816 gratulari3
1567 3754 1594 3793 ao

261 3839 331 3899 tum
352 3840 398 3920 ut,
421 3836 539 3919 quibus
559 3836 598 3900 de
618 3836 714 3900 rebus
734 3835 899 3920 vellemus,
924 3840 961 3900 tu
979 3836 1056 3920 tuis,
1079 3857 1140 3922 ego
1160 3835 1251 3921 meis,
1272 3835 1441 3900 internos
1462 3859 1553 3903 com·

262 3942 515 4027 municaremus3
537 3946 704 4026 postremo
727 3946 766 4006 ut
789 3942 934 4007 amicitia
957 3948 1079 4027 nostra,
1104 3965 1186 4027 quae
1205 3940 1340 4007 summis
1361 3942 1487 4009 officiis
1508 3946 1552 4010 ab

351 4141 375 4188 1.
394 4133 536 4205 plurimis]
555 4134 683 4204 pluribus
698 4151 714 4193 ς
728 4139 737 4203 {1
751 4141 775 4189 2.
791 4151 824 4188 ac
838 4139 934 4205 petam
947 4135 986 4205 D,
1006 4138 1151 4205 acceptam
1165 4135 1262 4190 MFH
1272 4138 1282 4205 ΙΙ
1295 4134 1553 4192 honorificentissi-

260 4223 343 4327 mldm,
365 4277 383 4312 u
402 4278 420 4314 a
437 4278 470 4314 nr.
494 4266 522 4327 1,
543 4260 583 4314 Μ.
603 4258 896 4342 horifificentissimum
918 4260 952 4314 H
966 4264 976 4325 11
990 4265 1014 4315 3.
1034 4259 1194 4315 laciendum
1207 4260 1303 4342 ,ΓΗΒ
1316 4263 1325 4330 l
1339 4266 1364 4315 3.
1384 4267 1410 4316 4.
1432 4266 1553 4319 conten·

261 4331 326 4385 dere
345 4347 363 4383 a
380 4333 409 4384 te
430 4331 460 4383 F
478 4334 527 4399 114.
546 4331 763 4386 consuetudrnes
782 4332 842 4397 ΜΙΙ
862 4337 885 4386 7.
904 4331 1001 4401 paulle
1020 4332 1050 4385 D
1067 4336 1076 4399 n
1096 4339 1120 4386 9.
1139 4332 1269 4387 ommbus
1287 4350 1338 4387 om.
1360 4332 1418 4399 Fll
1440 4340 1485 4391 12.
1504 4352 1553 4390 co·

259 4402 392 4526 gpospepl]
411 4401 912 4529 coggosppsfleneiplpbiis·l1,llhilp
932 4403 1024 4457 ΓΗΒ
1037 4407 1047 4471 ΙΙ
1061 4409 1103 4458 13.
1122 4402 1234 4472 publice
1253 4403 1380 4528 emti}
1387 4403 1474 4459 missi
1494 4407 1535 4460 Μ

261 4491 363 4610 Fmp
385 4492 449 4599 ididia
469 4492 515 4599 esrte
531 4494 558 4603 df
587 4491 702 4600 dctllaeu
722 4547 756 4613 ef.
778 4477 839 4599 iiiia
860 4480 1216 4614 ‘Spuidhid.adinll.l)ir.22l
1234 4491 1314 4610 papas
1335 4547 1365 4599 et
1378 4480 1553 4603 ’edaldoflltlaet

261 4616 397 4687 diligatur
416 4617 455 4684 H,
470 4618 659 4688 progrediente
677 4619 780 4672 seilicet
799 4619 972 4684 corruptione
986 4617 995 4683 ΙΙ
1009 4622 1051 4672 24.
1066 4619 1094 4670 te
1109 4617 1146 4684 D,
1165 4634 1216 4671 orn.
1231 4616 1332 4672 MFH.
1350 4625 1415 4686 post
1432 4619 1551 4690 egregie

260 4690 323 4742 (edd.
347 4706 441 4759 ururpo
466 4689 538 4743 Orat.
562 4690 571 4756 l
593 4694 633 4743 25.
653 4688 745 4742 factus
770 4705 831 4740 sum
856 4687 885 4740 1³
904 4692 914 4753 ΙΙ
936 4687 1088 4761 (aliquid)
1110 4688 1289 4757 profecerunt
1312 4689 1488 4761 ll'esenberp.
1512 4695 1550 4758 ef.

259 4759 495 4882 fflffissnsspm
514 4777 551 4830 sq.
578 4761 587 4827 l
612 4765 654 4815 26.
680 4757 833 4828 aliquando
858 4758 920 4812 FH
943 4764 952 4827 ss
979 4765 1021 4813 27.
1041 4759 1182 4829 perfectus
1202 4759 1265 4814 ΕΗ
1283 4763 1293 4830 l
1317 4758 1351 4812 dc
1370 4758 1454 4816 fabio
1474 4763 1550 4833 MD,
