3314 5460
266 382 332 448 406
719 384 755 438 Μ.
776 383 882 438 TVLLI
900 381 1090 439 CICERONIS

233 548 468 640 simpedirem.
522 548 647 613 interea
682 547 717 613 in
753 547 815 613 hoc
853 553 945 614 tanto
983 551 1074 613 motu
1111 552 1267 631 tantaque
1303 546 1550 631 exspectatione

269 655 402 722 maximi
426 654 503 720 belli
526 677 583 721 rex
606 654 795 738 Deiotarus,
828 655 879 720 cui
903 678 969 720 non
992 655 1061 719 sine
1090 676 1188 720 causa
1214 653 1391 739 plurimum
1419 675 1551 738 semper

269 767 302 827 et
325 783 398 827 meo
423 765 456 825 et
479 765 539 826 tuo
556 770 589 826 et
607 766 739 826 senatus
758 761 878 827 iudicio
897 762 1059 828 tributum
1077 766 1137 846 est,
1160 762 1209 826 vir
1228 784 1302 826 eum
1320 761 1552 825 benevolentia

270 873 303 934 et
325 868 387 933 fide
412 887 490 953 erga
512 867 669 951 populum
692 866 729 932 R.
755 868 926 953 singulari,
955 873 1026 933 tum
1049 867 1234 955 praesentia
1262 867 1487 952 magnitudine
1516 871 1551 931 et

270 973 370 1041 animi
394 977 427 1037 et
450 971 593 1057 consilii,
615 972 743 1057 legatos
767 975 807 1038 ad
830 996 881 1039 me
902 975 996 1040 'misit
1019 998 1053 1040 se
1077 998 1152 1040 cum
1175 973 1326 1040 omuibus
1351 974 1417 1039 suis
1445 973 1551 1058 copiis
1579 1000 1592 1038 a

270 1080 304 1145 in
328 1103 400 1144 mea
423 1083 532 1144 castra
555 1101 625 1144 esse
645 1085 829 1165 venturum3
852 1082 944 1147 cuius
963 1103 1024 1166 ego
1044 1082 1152 1147 studio
1172 1082 1344 1165 officioque
1364 1084 1552 1146 commotus

235 1207 250 1256 0
271 1188 324 1274 egi
347 1187 377 1252 ei
400 1208 458 1270 per
481 1185 609 1251 litteras
633 1187 756 1271 gratias
779 1188 875 1273 idque
902 1194 939 1253 ut
968 1193 1145 1254 maturaret
1172 1188 1324 1253 hortatus
1352 1210 1432 1253 sum.
1475 1210 1553 1252 cum

270 1298 380 1358 autem
405 1292 444 1356 ad
468 1291 622 1377 Cybistra
646 1297 777 1377 propter
799 1294 958 1359 rationem
983 1296 1062 1360 belli
1088 1295 1229 1380 quinque
1258 1294 1326 1359 dies
1354 1316 1460 1359 essem
1484 1316 1554 1358 mo·

270 1402 376 1483 ratus,
408 1419 518 1484 regem
550 1398 818 1484 Ariobarzanem,
856 1401 946 1466 cuius
980 1402 1119 1466 salntem
1153 1425 1173 1466 a
1205 1405 1319 1466 senatu
1350 1404 1383 1466 te
1416 1404 1554 1466 auctore

272 1507 531 1572 commendatam
553 1506 722 1589 habebam,
747 1508 972 1591 praesentibus
991 1508 1117 1572 insidiis
1136 1509 1384 1592 necopinantem
1403 1506 1554 1592 liberari,
1569 1536 1594 1574 ιο

271 1635 375 1697 neque
405 1611 510 1676 solum
538 1613 568 1676 ei
596 1613 693 1678 saluti
722 1613 782 1697 fui,
815 1615 871 1679 sed
904 1615 1002 1679 etiarn
1035 1616 1160 1698 curavi,
1191 1619 1229 1679 ut
1252 1637 1325 1679 cum
1353 1614 1554 1679 auctoritate

273 1723 438 1805 regnaret:
472 1717 611 1800 Metram
635 1725 668 1784 et
692 1742 778 1798 eum,
807 1742 902 1804 quem
927 1726 962 1784 tu
987 1720 1067 1785 mihi
1096 1721 1270 1808 diligenter
1298 1721 1555 1806 commendatas,

272 1826 487 1910 Athenaeum,
511 1826 748 1911 inportunitate
767 1826 960 1893 Athenaidis
980 1827 1094 1892 exsilio
1118 1829 1284 1912 multatos,
1306 1828 1385 1913 <in>
1408 1828 1555 1893 maxima

274 1933 360 2021 apud
379 1955 488 2018 regem
509 1934 703 1998 auctoritate
723 1933 893 2020 gratiaque
914 1935 1078 2017 constitui,
1096 1956 1233 2019 cumque
1253 1955 1409 2020 magnum
1428 1935 1555 2000 bellum

273 2042 307 2105 in
336 2038 539 2124 Cappadocia
567 2041 798 2125 concitaretur,
831 2041 859 2105 si
892 2041 1041 2106 sacerdos
1070 2040 1174 2107 ‘armis
1206 2063 1255 2126 se,
1287 2041 1373 2125 quod
1405 2041 1555 2108 facturus
1569 2071 1596 2109 rs

273 2147 460 2233 putabatur,
484 2146 677 2231 defenderet,
701 2148 888 2213 adulescens
912 2153 945 2213 et
968 2149 1116 2232 equitatu
1139 2152 1173 2213 et
1194 2149 1341 2233 peditatu
1362 2152 1396 2213 et
1416 2149 1556 2233 pecunia
1617 2215 1622 2223 ,

274 2258 407 2338 paratus
426 2254 491 2338 †et
510 2257 580 2318 toto
600 2254 650 2338 iis,
674 2254 730 2338 qui
748 2255 862 2319 novari
881 2253 1004 2340 aliquid
1023 2255 1185 2333 volebant,
1207 2254 1336 2339 perfeci,
1357 2260 1396 2319 ut
1414 2277 1431 2319 e
1450 2277 1556 2342 regno

274 2361 329 2425 ille
353 2360 532 2425 discederet
555 2382 674 2444 rexque
698 2360 767 2426 sine
791 2361 995 2426 tumultuas
1019 2362 1089 2427 sine
1112 2361 1211 2426 armis
1238 2361 1327 2426 omni
1355 2361 1556 2428 auctoritate

240 2487 254 2535 ι
275 2467 367 2532 00100
391 2467 592 2531 communita
614 2488 750 2553 regnum
775 2490 848 2533 cum
872 2468 1032 2554 dignitate
1057 2468 1228 2553 optineret.
1272 2468 1397 2534 interea
1415 2469 1556 2555 cognovi

275 2573 456 2638 multorum
486 2573 608 2638 litteris
642 2578 739 2657 atque
772 2574 895 2639 nuntiis
928 2596 1064 2659 magnas
1097 2564 1296 2639 Parthorum
1332 2572 1445 2657 copias
1479 2573 1557 2658 <01>
1571 2606 1596 2644 aa

275 2681 423 2745 Arabum
457 2680 496 2744 ad
530 2679 685 2765 oppidum
718 2680 934 2746 Antiocheam
972 2681 1146 2746 accessisse
1183 2701 1404 2766 magnumque
1441 2703 1557 2747 eorum

275 2787 471 2871 equitatum,
499 2786 555 2871 qui
578 2787 613 2850 in
637 2786 784 2852 Ciliciam
808 2786 994 2873 transisset,
1022 2788 1063 2852 ab
1087 2788 1233 2871 equitum
1261 2809 1410 2852 meorum
1436 2789 1558 2854 turmis

276 2900 310 2959 et
333 2916 352 2958 a
375 2893 509 2958 cohorte
533 2893 704 2978 praetoria,
728 2915 809 2978 quae
833 2898 904 2958 arat
925 2893 1137 2978 Epiphaneae
1160 2894 1314 2980 praesidii
1338 2916 1447 2978 causa,
1474 2896 1558 2962 occi·

276 2999 370 3065 dione
400 2999 551 3064 occisum.
594 3022 706 3085 quare,
734 3022 806 3064 cum
834 3000 976 3065 viderem
1005 3023 1024 3064 a
1051 2998 1257 3085 Cappadocia
1279 2999 1481 3067 Parthorum
1509 3024 1558 3068 co·

276 3106 347 3190 pias
371 3127 500 3170 aversas
523 3128 588 3170 non
612 3106 710 3192 longe
729 3129 748 3170 a
767 3107 887 3171 finibus
911 3128 981 3171 esse
1001 3105 1143 3192 Ciliciae,
1166 3131 1264 3192 quam
1287 3107 1380 3192 potui
1404 3106 1557 3173 maximis
1571 3139 1595 3179 a

276 3212 450 3277 itineribus
479 3211 519 3276 ad
547 3212 710 3277 Amanum
741 3213 920 3278 exercitum
946 3213 1049 3278 duxi„
1078 3235 1142 3297 quo
1170 3219 1208 3279 ut
1235 3216 1322 3299 reni,
1352 3214 1489 3280 hostem
1517 3216 1558 3281 ab

277 3318 461 3383 Antiochea
482 3319 663 3404 recessisse,
686 3318 840 3384 Bibulum
863 3319 1064 3385 Antiocheae
1088 3342 1158 3385 esse
1182 3321 1333 3406 cognovi,
1360 3320 1560 3388 Deiotarum

277 3426 450 3492 confestim
474 3426 539 3490 iam
563 3427 602 3491 ad
627 3449 678 3491 me
701 3426 884 3491 venientem
913 3449 986 3491 cum
1014 3447 1133 3512 magno
1161 3432 1195 3493 et
1221 3428 1315 3493 firmo
1344 3429 1498 3513 equitatu
1527 3437 1560 3496 et

276 3532 425 3619 peditatu
448 3536 481 3597 et
504 3556 576 3598 cum
599 3534 750 3598 omnibus
774 3534 842 3598 suis
867 3534 969 3619 copiis
994 3533 1165 3599 certiorem
1189 3535 1340 3600 facinori
1362 3535 1470 3602 videri
1489 3561 1560 3603 esse

278 3662 422 3723 causam,
455 3662 512 3704 cnr
535 3641 665 3706 abesset
688 3664 708 3706 a
731 3661 844 3726 regno,
878 3662 992 3724 meque
1020 3640 1061 3705 ad
1084 3663 1172 3725 eum,
1203 3642 1232 3706 si
1260 3641 1337 3726 quid
1362 3643 1444 3709 nori
1473 3644 1598 3713 fortean

242 3745 461 3830 caecidisset,
493 3747 605 3811 statim
637 3747 764 3812 litteras
794 3746 991 3830 nuntiosque
1023 3747 1199 3812 missurum
1231 3770 1316 3834 esse3
1347 3770 1492 3834 cumque
1522 3775 1560 3817 co

367 3982 391 4029 3.
411 3973 535 4028 nircum
555 3974 630 4040 MD,
650 3991 780 4028 curcum
800 3975 842 4040 H,
867 3992 917 4028 cur
935 3992 990 4028 non
1011 3976 1042 4029 F
1066 3979 1075 4045 11
1102 3982 1126 4030 4.
1146 3975 1324 4100 0000000110ιέι
1338 3979 1504 4045 praestanti
1524 3982 1563 4052 ς11

280 4052 302 4099 7.
322 4045 359 4117 ei]
379 4048 408 4100 et
428 4047 488 4100 ΨΜ
505 4049 513 4114 11
532 4045 639 4116 gratias
659 4064 708 4101 aar.
729 4046 760 4100 F
780 4049 789 4115 11
812 4049 967 4100 maturarer
987 4046 1060 4100 FH¹
1084 4051 1093 4116 11
1117 4054 1139 4101 8.
1161 4047 1286 4115 cibystra
1322 4048 1344 4114 f,
1365 4049 1507 4118 cybystra
1526 4053 1562 4121 I),

278 4116 395 4172 cibistra
410 4117 470 4171 ΜΗ
484 4120 549 4185 1113,
571 4116 721 4171 atheneum
737 4118 776 4183 M,
797 4117 959 4171 attheneum
975 4118 1035 4171 FH
1048 4121 1057 4186 1
1072 4117 1244 4172 atthenaidis
1259 4118 1289 4173 F
1301 4121 1310 4188 1
1324 4119 1425 4174 exsilio
1446 4141 1484 4178 erc
1498 4140 1562 4177 con·

278 4188 342 4243 silio
361 4189 411 4242 Mc
429 4190 469 4243 ecl
489 4189 537 4241 Mr
550 4191 559 4257 11
573 4187 603 4241 in
621 4190 684 4243 ortd.
702 4189 737 4243 F.
753 4188 899 4255 Hostanen
913 4196 938 4242 01
953 4189 981 4243 0.
999 4190 1033 4243 F.
1050 4191 1092 4243 W.
1110 4192 1144 4243 M
1148 4191 1215 4243 r'e'llcr
1234 4191 1327 4258 (coni.
1339 4191 1432 4246 rau!
1451 4196 1564 4265 p.18)',

280 4265 321 4315 17.
341 4262 448 4313 011010
466 4259 502 4314 iis
521 4260 563 4329 M,
582 4262 611 4313 et
629 4262 691 4313 tuto
710 4259 754 4312 his
776 4259 872 4314 FHD.
901 4275 936 4312 ex
954 4262 1013 4313 toto
1033 4259 1067 4313 iis
1089 4261 1183 4326 Orelli,
1202 4263 1230 4314 et
1248 4264 1293 4314 101
1310 4260 1394 4314 sociis
1414 4266 1459 4332 (et
1478 4266 1563 4320 sociis

280 4333 335 4385 ιῖαιιι
354 4333 380 4401 ς)
399 4332 507 4398 Baiter,
525 4334 554 4384 et
571 4332 648 4384 totus
666 4330 702 4384 iis
722 4332 875 4397 Heliacas,
894 4330 1037 4400 expositus
1056 4331 1091 4384 iis
1112 4333 1198 4386 Klotz
1206 4334 1225 4397 ²,
1243 4335 1272 4386 01
1290 4331 1384 4385 socius
1399 4332 1437 4387 iis
1454 4337 1562 4392 Scbu'ts.

278 4404 313 4468 cs.
334 4402 480 4468 Hcfmcaa
498 4405 536 4456 cu
553 4404 611 4457 101.
631 4405 640 4471 11
658 4401 763 4472 perfeci
782 4420 815 4456 ear
833 4401 930 4471 perfici
947 4403 980 4455 Η
984 4401 999 4468 ¹,
1019 4402 1113 4470 perfici
1134 4402 1164 4456 F
1185 4405 1194 4471 11
1219 4408 1260 4458 18.
1280 4402 1442 4459 discederet
1461 4407 1563 4473 ΕΗΒ,

280 4472 400 4527 disceret
409 4474 445 4527 M
456 4476 465 4542 11
479 4472 555 4527 omui
569 4492 618 4527 ona.
633 4473 663 4528 F
674 4476 684 4543 11
697 4480 739 4527 20.
754 4477 784 4528 01
795 4492 845 4529 om.
859 4473 924 4527 FF.
950 4475 1033 4540 atque
1044 4475 1170 4543 suppleat
1179 4476 1231 4527 alti
1243 4476 1253 4542 11
1267 4479 1308 4528 21.
1324 4475 1512 4532 antiocheam
1521 4482 1563 4544 Μ,

279 4547 359 4598 ceteri
378 4547 449 4599 inter
467 4561 482 4598 0
501 4551 526 4600 01
544 4544 554 4597 i
572 4545 616 4599 hic
634 4551 659 4599 et
674 4552 769 4615 postea
785 4547 944 4614 1100100011
959 4544 1109 4598 accersisse
1128 4544 1192 4598 FH
1209 4547 1218 4612 11
1241 4550 1283 4599 22.
1303 4545 1339 4599 ab
1359 4547 1507 4622 equitum]
1527 4552 1563 4604 ab

280 4615 449 4682 equitatum,
472 4617 522 4671 011.
542 4633 570 4669 ιιι
589 4633 669 4683 eros,
690 4618 734 4682 M,
759 4617 795 4669 ab
815 4633 847 4670 eo
867 4614 1025 4683 001111οω,
1053 4617 1084 4669 ta
1102 4623 1133 4669 at
1151 4617 1205 4670 aid.
1226 4633 1309 4683 erus„
1328 4616 1371 4682 II,
1401 4618 1440 4672 ab
1462 4637 1496 4676 00
1515 4621 1563 4691 qui

279 4687 339 4737 tum
358 4686 420 4740 DF
431 4689 440 4755 11
455 4693 496 4742 23.
517 4693 558 4740 21.
578 4686 717 4741 occisione
739 4688 800 4740 ΓΜ
817 4689 859 4756 (in
878 4687 911 4739 Μ
925 4705 967 4754 pr.
987 4687 996 4739 i
1016 4689 1047 4740 ia
1064 4704 1118 4741 rus.
1134 4704 1167 4740 ea
1181 4704 1207 4753 u,
1227 4689 1407 4757 0101011117.
1430 4691 1562 4747 deiotha-

280 4772 341 4879 ἔξω
356 4757 392 4879 ql
401 4759 410 4825 11
425 4764 466 4812 18.
487 4757 544 4811 iarn
564 4759 600 4811 ad
619 4775 663 4810 me
681 4758 841 4812 uenientem
855 4758 896 4823 Μ,
916 4757 973 4810 iam
992 4757 1150 4811 uenientem
1171 4757 1208 4811 ad
1222 4775 1267 4812 me
1283 4758 1350 4826 HD,
1369 4759 1430 4813 iam
1446 4763 1562 4817 uenien-

310 4843 338 4877 m
