<?xml version="1.0" encoding="UTF-8"?>
<!DOCTYPE html PUBLIC "-//W3C//DTD XHTML 1.0 Transitional//EN"
    "http://www.w3.org/TR/xhtml1/DTD/xhtml1-transitional.dtd">
<html xmlns="http://www.w3.org/1999/xhtml" xml:lang="en" lang="en">
 <head>
  <title>
</title>
<meta http-equiv="Content-Type" content="text/html;charset=utf-8" />
  <meta name='ocr-system' content='tesseract 3.04.00' />
  <meta name='ocr-capabilities' content='ocr_page ocr_carea ocr_par ocr_line ocrx_word'/>
</head>
<body>
  <div class='ocr_page' id='page_1' title='image "./mtulliciceronis00koergoog_0309.png"; bbox 0 0 3286 5460; ppageno 0'>
   <div class='ocr_carea' id='block_1_1' title="bbox 199 395 1022 459">
    <p class='ocr_par' dir='ltr' id='par_1_1' title="bbox 199 395 1022 459">
     <span class='ocr_line' id='line_1_1' title="bbox 199 395 1022 459; baseline -0.01 -1"><span class='ocrx_word' id='word_1_1' title='bbox 199 397 265 459; x_wconf 77' lang='grc'>270</span> <span class='ocrx_word' id='word_1_2' title='bbox 651 397 688 451; x_wconf 90' lang='lat' dir='ltr'>M.</span> <span class='ocrx_word' id='word_1_3' title='bbox 707 397 812 451; x_wconf 75' lang='lat' dir='ltr'>TVLLI</span> <span class='ocrx_word' id='word_1_4' title='bbox 833 395 1022 459; x_wconf 77' lang='lat' dir='ltr'>CICERONIS</span> 
     </span>
    </p>
   </div>
   <div class='ocr_carea' id='block_1_2' title="bbox 154 557 1543 3949">
    <p class='ocr_par' dir='ltr' id='par_1_2' title="bbox 154 557 1475 973">
     <span class='ocr_line' id='line_1_2' title="bbox 154 557 1474 644; baseline -0.002 -22"><span class='ocrx_word' id='word_1_5' title='bbox 154 585 156 589; x_wconf 45' lang='lat'><strong>¹</strong></span> <span class='ocrx_word' id='word_1_6' title='bbox 198 583 296 622; x_wconf 83' lang='lat' dir='ltr'>uuam</span> <span class='ocrx_word' id='word_1_7' title='bbox 320 581 424 643; x_wconf 90' lang='lat' dir='ltr'>suam,</span> <span class='ocrx_word' id='word_1_8' title='bbox 454 559 590 623; x_wconf 87' lang='lat' dir='ltr'>alteram</span> <span class='ocrx_word' id='word_1_9' title='bbox 615 557 732 643; x_wconf 85' lang='lat' dir='ltr'>Silani,</span> <span class='ocrx_word' id='word_1_10' title='bbox 762 563 970 625; x_wconf 70' lang='lat' dir='ltr'>evocatorum</span> <span class='ocrx_word' id='word_1_11' title='bbox 992 562 1133 644; x_wconf 87' lang='lat' dir='ltr'>partem:</span> <span class='ocrx_word' id='word_1_12' title='bbox 1161 558 1210 622; x_wconf 90' lang='lat' dir='ltr'>ita</span> <span class='ocrx_word' id='word_1_13' title='bbox 1234 557 1367 623; x_wconf 90' lang='lat' dir='ltr'>obviam</span> <span class='ocrx_word' id='word_1_14' title='bbox 1390 559 1474 623; x_wconf 89' lang='lat' dir='ltr'>venit</span> 
     </span>
     <span class='ocr_line' id='line_1_3' title="bbox 199 664 1474 752; baseline -0.002 -22"><span class='ocrx_word' id='word_1_15' title='bbox 199 667 307 749; x_wconf 89' lang='lat' dir='ltr'>nobis,</span> <span class='ocrx_word' id='word_1_16' title='bbox 336 668 420 752; x_wconf 88' lang='lat' dir='ltr'>quod</span> <span class='ocrx_word' id='word_1_17' title='bbox 449 689 508 731; x_wconf 88' lang='lat' dir='ltr'>nos</span> <span class='ocrx_word' id='word_1_18' title='bbox 538 670 693 750; x_wconf 88' lang='lat' dir='ltr'>quattuor</span> <span class='ocrx_word' id='word_1_19' title='bbox 720 666 865 752; x_wconf 82' lang='lat' dir='ltr'>legiones</span> <span class='ocrx_word' id='word_1_20' title='bbox 893 667 1036 731; x_wconf 90' lang='lat' dir='ltr'>tironum</span> <span class='ocrx_word' id='word_1_21' title='bbox 1060 665 1181 731; x_wconf 86' lang='lat' dir='ltr'>habere</span> <span class='ocrx_word' id='word_1_22' title='bbox 1205 666 1313 731; x_wconf 88' lang='lat' dir='ltr'>solum</span> <span class='ocrx_word' id='word_1_23' title='bbox 1341 664 1474 729; x_wconf 84' lang='lat' dir='ltr'>arbitra-</span> 
     </span>
     <span class='ocr_line' id='line_1_4' title="bbox 199 771 1474 857; baseline 0.002 -24"><span class='ocrx_word' id='word_1_24' title='bbox 199 773 311 856; x_wconf 73' lang='lat' dir='ltr'>batur,</span> <span class='ocrx_word' id='word_1_25' title='bbox 348 772 402 835; x_wconf 93' lang='lat' dir='ltr'>sed</span> <span class='ocrx_word' id='word_1_26' title='bbox 439 776 554 855; x_wconf 91' lang='lat' dir='ltr'>noctu,</span> <span class='ocrx_word' id='word_1_27' title='bbox 592 794 655 855; x_wconf 91' lang='lat' dir='ltr'>quo</span> <span class='ocrx_word' id='word_1_28' title='bbox 689 773 792 837; x_wconf 90' lang='lat' dir='ltr'>tutius</span> <span class='ocrx_word' id='word_1_29' title='bbox 831 773 939 837; x_wconf 90' lang='lat' dir='ltr'>venire</span> <span class='ocrx_word' id='word_1_30' title='bbox 971 772 1005 836; x_wconf 91' lang='lat' dir='ltr'>in</span> <span class='ocrx_word' id='word_1_31' title='bbox 1044 775 1153 837; x_wconf 87' lang='lat' dir='ltr'>castra</span> <span class='ocrx_word' id='word_1_32' title='bbox 1191 771 1474 857; x_wconf 85' lang='lat' dir='ltr'>†possuissemns,</span> 
     </span>
     <span class='ocr_line' id='line_1_5' title="bbox 198 877 1475 973; baseline 0.001 -32"><span class='ocrx_word' id='word_1_33' title='bbox 198 880 360 963; x_wconf 81' lang='lat' dir='ltr'>legionem</span> <span class='ocrx_word' id='word_1_34' title='bbox 380 878 542 973; x_wconf 79' lang='lat' dir='ltr'>Martiam,</span> <span class='ocrx_word' id='word_1_35' title='bbox 566 877 618 943; x_wconf 89' lang='lat' dir='ltr'>cui</span> <span class='ocrx_word' id='word_1_36' title='bbox 637 899 698 962; x_wconf 87' lang='lat' dir='ltr'>ego</span> <span class='ocrx_word' id='word_1_37' title='bbox 718 900 867 961; x_wconf 89' lang='lat' dir='ltr'>praeesse</span> <span class='ocrx_word' id='word_1_38' title='bbox 887 878 1042 961; x_wconf 81' lang='lat' dir='ltr'>solebam,</span> <span class='ocrx_word' id='word_1_39' title='bbox 1065 882 1099 941; x_wconf 91' lang='lat' dir='ltr'>et</span> <span class='ocrx_word' id='word_1_40' title='bbox 1117 878 1197 943; x_wconf 88' lang='lat' dir='ltr'>duas</span> <span class='ocrx_word' id='word_1_41' title='bbox 1216 877 1370 943; x_wconf 76' lang='lat' dir='ltr'>cohortes</span> <span class='ocrx_word' id='word_1_42' title='bbox 1390 900 1475 963; x_wconf 82' lang='lat' dir='ltr'>prae</span> 
     </span>
    </p>

    <p class='ocr_par' dir='ltr' id='par_1_3' title="bbox 163 984 1543 1812">
     <span class='ocr_line' id='line_1_6' title="bbox 163 984 1506 1069; baseline -0.004 -19"><span class='ocrx_word' id='word_1_43' title='bbox 163 988 299 1051; x_wconf 71' lang='lat' dir='ltr'>storias</span> <span class='ocrx_word' id='word_1_44' title='bbox 331 986 466 1050; x_wconf 80' lang='lat' dir='ltr'>miserat</span> <span class='ocrx_word' id='word_1_45' title='bbox 497 984 626 1049; x_wconf 84' lang='lat' dir='ltr'>Hirtius</span> <span class='ocrx_word' id='word_1_46' title='bbox 659 985 762 1049; x_wconf 89' lang='lat' dir='ltr'>nobis.</span> <span class='ocrx_word' id='word_1_47' title='bbox 809 1007 882 1050; x_wconf 90' lang='lat' dir='ltr'>curn</span> <span class='ocrx_word' id='word_1_48' title='bbox 916 984 1041 1069; x_wconf 88' lang='lat' dir='ltr'>equites</span> <span class='ocrx_word' id='word_1_49' title='bbox 1071 984 1207 1050; x_wconf 79' lang='lat' dir='ltr'>Antonii</span> <span class='ocrx_word' id='word_1_50' title='bbox 1239 985 1506 1069; x_wconf 69' lang='lat' dir='ltr'>apparuissenta</span> 
     </span>
     <span class='ocr_line' id='line_1_7' title="bbox 198 1090 1475 1177; baseline -0.002 -19"><span class='ocrx_word' id='word_1_51' title='bbox 198 1093 357 1158; x_wconf 89' lang='lat' dir='ltr'>contineri</span> <span class='ocrx_word' id='word_1_52' title='bbox 380 1114 484 1177; x_wconf 89' lang='lat' dir='ltr'>neque</span> <span class='ocrx_word' id='word_1_53' title='bbox 508 1092 595 1177; x_wconf 91' lang='lat' dir='ltr'>legio</span> <span class='ocrx_word' id='word_1_54' title='bbox 620 1090 741 1156; x_wconf 87' lang='lat' dir='ltr'>Martia</span> <span class='ocrx_word' id='word_1_55' title='bbox 764 1114 868 1176; x_wconf 88' lang='lat' dir='ltr'>neque</span> <span class='ocrx_word' id='word_1_56' title='bbox 897 1090 1048 1156; x_wconf 83' lang='lat' dir='ltr'>cohortes</span> <span class='ocrx_word' id='word_1_57' title='bbox 1076 1093 1260 1176; x_wconf 90' lang='lat' dir='ltr'>praetoriae</span> <span class='ocrx_word' id='word_1_58' title='bbox 1283 1096 1475 1177; x_wconf 73' lang='lat' dir='ltr'>potuerunt,</span> 
     </span>
     <span class='ocr_line' id='line_1_8' title="bbox 197 1198 1474 1284; baseline -0.001 -20"><span class='ocrx_word' id='word_1_59' title='bbox 197 1222 278 1283; x_wconf 87' lang='lat' dir='ltr'>quas</span> <span class='ocrx_word' id='word_1_60' title='bbox 302 1200 394 1284; x_wconf 92' lang='lat' dir='ltr'>sequi</span> <span class='ocrx_word' id='word_1_61' title='bbox 419 1198 583 1282; x_wconf 88' lang='lat' dir='ltr'>coepimus</span> <span class='ocrx_word' id='word_1_62' title='bbox 608 1199 722 1281; x_wconf 79' lang='lat' dir='ltr'>coacti,</span> <span class='ocrx_word' id='word_1_63' title='bbox 747 1198 900 1282; x_wconf 90' lang='lat' dir='ltr'>quoniam</span> <span class='ocrx_word' id='word_1_64' title='bbox 924 1199 1062 1263; x_wconf 91' lang='lat' dir='ltr'>retinere</span> <span class='ocrx_word' id='word_1_65' title='bbox 1087 1221 1142 1264; x_wconf 87' lang='lat' dir='ltr'>eas</span> <span class='ocrx_word' id='word_1_66' title='bbox 1165 1222 1231 1265; x_wconf 90' lang='lat' dir='ltr'>non</span> <span class='ocrx_word' id='word_1_67' title='bbox 1255 1204 1474 1284; x_wconf 86' lang='lat' dir='ltr'>potueramus.</span> 
     </span>
     <span class='ocr_line' id='line_1_9' title="bbox 200 1303 1475 1399; baseline -0.001 -29"><span class='ocrx_word' id='word_1_68' title='bbox 200 1308 362 1370; x_wconf 89' lang='lat' dir='ltr'>Antonius</span> <span class='ocrx_word' id='word_1_69' title='bbox 391 1307 430 1369; x_wconf 91' lang='lat' dir='ltr'>ad</span> <span class='ocrx_word' id='word_1_70' title='bbox 460 1304 580 1370; x_wconf 88' lang='lat' dir='ltr'>Forum</span> <span class='ocrx_word' id='word_1_71' title='bbox 609 1303 778 1369; x_wconf 85' lang='lat' dir='ltr'>Gallorum</span> <span class='ocrx_word' id='word_1_72' title='bbox 806 1325 881 1368; x_wconf 90' lang='lat' dir='ltr'>suas</span> <span class='ocrx_word' id='word_1_73' title='bbox 914 1305 1024 1389; x_wconf 89' lang='lat' dir='ltr'>copias</span> <span class='ocrx_word' id='word_1_74' title='bbox 1052 1307 1242 1399; x_wconf 84' lang='lat' dir='ltr'>continebat</span> <span class='ocrx_word' id='word_1_75' title='bbox 1268 1327 1375 1391; x_wconf 86' lang='lat' dir='ltr'>nsque</span> <span class='ocrx_word' id='word_1_76' title='bbox 1404 1306 1475 1371; x_wconf 88' lang='lat' dir='ltr'>sciri</span> 
     </span>
     <span class='ocr_line' id='line_1_10' title="bbox 199 1411 1543 1500; baseline -0.001 -22"><span class='ocrx_word' id='word_1_77' title='bbox 199 1415 328 1478; x_wconf 86' lang='lat' dir='ltr'>volebat</span> <span class='ocrx_word' id='word_1_78' title='bbox 352 1437 385 1478; x_wconf 92' lang='lat' dir='ltr'>se</span> <span class='ocrx_word' id='word_1_79' title='bbox 408 1412 554 1497; x_wconf 85' lang='lat' dir='ltr'>legiones</span> <span class='ocrx_word' id='word_1_80' title='bbox 578 1411 711 1476; x_wconf 87' lang='lat' dir='ltr'>habere:</span> <span class='ocrx_word' id='word_1_81' title='bbox 735 1415 864 1476; x_wconf 88' lang='lat' dir='ltr'>tantum</span> <span class='ocrx_word' id='word_1_82' title='bbox 885 1413 1067 1495; x_wconf 88' lang='lat' dir='ltr'>equitatum</span> <span class='ocrx_word' id='word_1_83' title='bbox 1090 1418 1125 1477; x_wconf 91' lang='lat' dir='ltr'>et</span> <span class='ocrx_word' id='word_1_84' title='bbox 1148 1414 1253 1478; x_wconf 90' lang='lat' dir='ltr'>levem</span> <span class='ocrx_word' id='word_1_85' title='bbox 1276 1417 1475 1477; x_wconf 81' lang='lat' dir='ltr'>armaturam</span> <span class='ocrx_word' id='word_1_86' title='bbox 1536 1494 1543 1500; x_wconf 85' lang='lat'><strong><em>.</em></strong></span> 
     </span>
     <span class='ocr_line' id='line_1_11' title="bbox 199 1517 1513 1605; baseline -0.004 -22"><span class='ocrx_word' id='word_1_87' title='bbox 199 1520 397 1583; x_wconf 88' lang='lat' dir='ltr'>ostendebat.</span> <span class='ocrx_word' id='word_1_88' title='bbox 440 1524 555 1604; x_wconf 89' lang='lat' dir='ltr'>postea</span> <span class='ocrx_word' id='word_1_89' title='bbox 578 1539 675 1601; x_wconf 87' lang='lat' dir='ltr'>quarn</span> <span class='ocrx_word' id='word_1_90' title='bbox 697 1518 780 1583; x_wconf 90' lang='lat' dir='ltr'>vidit</span> <span class='ocrx_word' id='word_1_91' title='bbox 803 1540 837 1582; x_wconf 90' lang='lat' dir='ltr'>se</span> <span class='ocrx_word' id='word_1_92' title='bbox 860 1519 965 1583; x_wconf 91' lang='lat' dir='ltr'>invito</span> <span class='ocrx_word' id='word_1_93' title='bbox 988 1519 1151 1605; x_wconf 81' lang='lat' dir='ltr'>legionem</span> <span class='ocrx_word' id='word_1_94' title='bbox 1174 1521 1221 1585; x_wconf 89' lang='lat' dir='ltr'>ire</span> <span class='ocrx_word' id='word_1_95' title='bbox 1244 1517 1362 1603; x_wconf 76' lang='lat' dir='ltr'>Pansa,</span> <span class='ocrx_word' id='word_1_96' title='bbox 1386 1519 1476 1604; x_wconf 90' lang='lat' dir='ltr'>sequi</span> <span class='ocrx_word' id='word_1_97' title='bbox 1490 1542 1513 1579; x_wconf 82' lang='grc' dir='ltr'>ιο</span> 
     </span>
     <span class='ocr_line' id='line_1_12' title="bbox 198 1624 1476 1712; baseline 0.001 -22"><span class='ocrx_word' id='word_1_98' title='bbox 198 1626 243 1690; x_wconf 65' lang='grc' dir='ltr'>εσ</span> <span class='ocrx_word' id='word_1_99' title='bbox 261 1627 340 1690; x_wconf 89' lang='lat' dir='ltr'>duas</span> <span class='ocrx_word' id='word_1_100' title='bbox 369 1626 515 1710; x_wconf 83' lang='lat' dir='ltr'>legiones</span> <span class='ocrx_word' id='word_1_101' title='bbox 547 1625 644 1689; x_wconf 88' lang='lat' dir='ltr'>iussit</span> <span class='ocrx_word' id='word_1_102' title='bbox 673 1624 827 1690; x_wconf 87' lang='lat' dir='ltr'>tironum.</span> <span class='ocrx_word' id='word_1_103' title='bbox 872 1629 987 1710; x_wconf 88' lang='lat' dir='ltr'>postea</span> <span class='ocrx_word' id='word_1_104' title='bbox 1015 1648 1113 1710; x_wconf 89' lang='lat' dir='ltr'>quam</span> <span class='ocrx_word' id='word_1_105' title='bbox 1145 1627 1316 1712; x_wconf 86' lang='lat' dir='ltr'>angustias</span> <span class='ocrx_word' id='word_1_106' title='bbox 1348 1625 1476 1711; x_wconf 85' lang='lat' dir='ltr'>paludis</span> 
     </span>
     <span class='ocr_line' id='line_1_13' title="bbox 197 1730 1476 1812; baseline 0 -16"><span class='ocrx_word' id='word_1_107' title='bbox 197 1737 230 1796; x_wconf 91' lang='lat' dir='ltr'>ct</span> <span class='ocrx_word' id='word_1_108' title='bbox 254 1731 408 1796; x_wconf 89' lang='lat' dir='ltr'>silvarum</span> <span class='ocrx_word' id='word_1_109' title='bbox 436 1732 629 1808; x_wconf 89' lang='lat' dir='ltr'>transimus,</span> <span class='ocrx_word' id='word_1_110' title='bbox 657 1731 742 1795; x_wconf 90' lang='lat' dir='ltr'>acies</span> <span class='ocrx_word' id='word_1_111' title='bbox 771 1735 821 1795; x_wconf 91' lang='lat' dir='ltr'>eat</span> <span class='ocrx_word' id='word_1_112' title='bbox 849 1732 1010 1797; x_wconf 87' lang='lat' dir='ltr'>instructa</span> <span class='ocrx_word' id='word_1_113' title='bbox 1037 1755 1057 1795; x_wconf 90' lang='lat' dir='ltr'>a</span> <span class='ocrx_word' id='word_1_114' title='bbox 1083 1731 1178 1797; x_wconf 89' lang='lat' dir='ltr'>nobis</span> <span class='ocrx_word' id='word_1_115' title='bbox 1201 1750 1252 1796; x_wconf 83' lang='lat' dir='ltr'>xu</span> <span class='ocrx_word' id='word_1_116' title='bbox 1275 1730 1476 1812; x_wconf 71' lang='lat' dir='ltr'>cohortium,</span> 
     </span>
    </p>

    <p class='ocr_par' dir='ltr' id='par_1_4' title="bbox 162 1837 1516 3097">
     <span class='ocr_line' id='line_1_14' title="bbox 162 1837 1497 1924; baseline 0.001 -23"><span class='ocrx_word' id='word_1_117' title='bbox 162 1840 340 1903; x_wconf 82' lang='lat' dir='ltr'>anundum</span> <span class='ocrx_word' id='word_1_118' title='bbox 367 1844 524 1903; x_wconf 86' lang='lat' dir='ltr'>venerant</span> <span class='ocrx_word' id='word_1_119' title='bbox 552 1838 695 1923; x_wconf 87' lang='lat' dir='ltr'>legiones</span> <span class='ocrx_word' id='word_1_120' title='bbox 726 1838 820 1903; x_wconf 90' lang='lat' dir='ltr'>duae:</span> <span class='ocrx_word' id='word_1_121' title='bbox 853 1843 985 1924; x_wconf 87' lang='lat' dir='ltr'>repente</span> <span class='ocrx_word' id='word_1_122' title='bbox 1013 1837 1177 1903; x_wconf 88' lang='lat' dir='ltr'>Antonias</span> <span class='ocrx_word' id='word_1_123' title='bbox 1206 1840 1241 1904; x_wconf 91' lang='lat' dir='ltr'>in</span> <span class='ocrx_word' id='word_1_124' title='bbox 1269 1839 1372 1904; x_wconf 86' lang='lat' dir='ltr'>aciem</span> <span class='ocrx_word' id='word_1_125' title='bbox 1402 1860 1497 1903; x_wconf 88' lang='lat' dir='ltr'>suas·</span> 
     </span>
     <span class='ocr_line' id='line_1_15' title="bbox 199 1944 1478 2031; baseline 0.002 -23"><span class='ocrx_word' id='word_1_126' title='bbox 199 1945 309 2028; x_wconf 88' lang='lat' dir='ltr'>copias</span> <span class='ocrx_word' id='word_1_127' title='bbox 333 1946 371 2009; x_wconf 93' lang='lat' dir='ltr'>de</span> <span class='ocrx_word' id='word_1_128' title='bbox 395 1946 467 2010; x_wconf 88' lang='lat' dir='ltr'>vico</span> <span class='ocrx_word' id='word_1_129' title='bbox 490 1945 644 2029; x_wconf 86' lang='lat' dir='ltr'>produxit</span> <span class='ocrx_word' id='word_1_130' title='bbox 666 1949 700 2008; x_wconf 92' lang='lat' dir='ltr'>et</span> <span class='ocrx_word' id='word_1_131' title='bbox 724 1945 792 2009; x_wconf 90' lang='lat' dir='ltr'>sine</span> <span class='ocrx_word' id='word_1_132' title='bbox 816 1966 907 2009; x_wconf 90' lang='lat' dir='ltr'>mora</span> <span class='ocrx_word' id='word_1_133' title='bbox 936 1945 1107 2010; x_wconf 87' lang='lat' dir='ltr'>concurrit.</span> <span class='ocrx_word' id='word_1_134' title='bbox 1152 1944 1259 2030; x_wconf 88' lang='lat' dir='ltr'>primo</span> <span class='ocrx_word' id='word_1_135' title='bbox 1282 1945 1331 2009; x_wconf 84' lang='lat' dir='ltr'>ita</span> <span class='ocrx_word' id='word_1_136' title='bbox 1353 1967 1478 2031; x_wconf 88' lang='lat' dir='ltr'>pugna·</span> 
     </span>
     <span class='ocr_line' id='line_1_16' title="bbox 198 2049 1515 2138; baseline -0.002 -24"><span class='ocrx_word' id='word_1_137' title='bbox 198 2057 309 2136; x_wconf 89' lang='lat' dir='ltr'>tumst,</span> <span class='ocrx_word' id='word_1_138' title='bbox 333 2056 370 2116; x_wconf 92' lang='lat' dir='ltr'>ut</span> <span class='ocrx_word' id='word_1_139' title='bbox 388 2052 495 2116; x_wconf 89' lang='lat' dir='ltr'>acrius</span> <span class='ocrx_word' id='word_1_140' title='bbox 513 2074 578 2116; x_wconf 90' lang='lat' dir='ltr'>non</span> <span class='ocrx_word' id='word_1_141' title='bbox 598 2055 710 2136; x_wconf 88' lang='lat' dir='ltr'>posset</span> <span class='ocrx_word' id='word_1_142' title='bbox 729 2073 768 2115; x_wconf 85' lang='lat' dir='ltr'>ex</span> <span class='ocrx_word' id='word_1_143' title='bbox 787 2055 1034 2135; x_wconf 87' lang='lat' dir='ltr'>utraque-parte</span> <span class='ocrx_word' id='word_1_144' title='bbox 1053 2050 1206 2138; x_wconf 82' lang='lat' dir='ltr'>pugnari3</span> <span class='ocrx_word' id='word_1_145' title='bbox 1229 2049 1292 2115; x_wconf 88' lang='lat' dir='ltr'>etsi</span> <span class='ocrx_word' id='word_1_146' title='bbox 1311 2051 1477 2116; x_wconf 85' lang='lat' dir='ltr'>dexterius</span> <span class='ocrx_word' id='word_1_147' title='bbox 1493 2074 1515 2113; x_wconf 79' lang='lat' dir='ltr'>a</span> 
     </span>
     <span class='ocr_line' id='line_1_17' title="bbox 196 2156 1491 2246; baseline 0.002 -25"><span class='ocrx_word' id='word_1_148' title='bbox 196 2181 312 2242; x_wconf 84' lang='lat' dir='ltr'>cornu,</span> <span class='ocrx_word' id='word_1_149' title='bbox 345 2160 377 2222; x_wconf 94' lang='lat' dir='ltr'>in</span> <span class='ocrx_word' id='word_1_150' title='bbox 411 2181 475 2242; x_wconf 88' lang='lat' dir='ltr'>quo</span> <span class='ocrx_word' id='word_1_151' title='bbox 506 2180 567 2244; x_wconf 89' lang='lat' dir='ltr'>ego</span> <span class='ocrx_word' id='word_1_152' title='bbox 600 2180 686 2222; x_wconf 86' lang='lat' dir='ltr'>eram</span> <span class='ocrx_word' id='word_1_153' title='bbox 721 2181 794 2246; x_wconf 88' lang='lat' dir='ltr'>cum</span> <span class='ocrx_word' id='word_1_154' title='bbox 825 2157 964 2223; x_wconf 88' lang='lat' dir='ltr'>Martiae</span> <span class='ocrx_word' id='word_1_155' title='bbox 997 2158 1136 2244; x_wconf 87' lang='lat' dir='ltr'>legionis</span> <span class='ocrx_word' id='word_1_156' title='bbox 1167 2156 1361 2223; x_wconf 84' lang='lat' dir='ltr'>&#39;cohortibus</span> <span class='ocrx_word' id='word_1_157' title='bbox 1393 2163 1491 2237; x_wconf 66' lang='lat' dir='ltr'>octo,</span> 
     </span>
     <span class='ocr_line' id='line_1_18' title="bbox 195 2264 1477 2350; baseline 0.002 -23"><span class='ocrx_word' id='word_1_158' title='bbox 195 2266 319 2348; x_wconf 87' lang='lat' dir='ltr'>impetu</span> <span class='ocrx_word' id='word_1_159' title='bbox 337 2266 443 2350; x_wconf 90' lang='lat' dir='ltr'>primo</span> <span class='ocrx_word' id='word_1_160' title='bbox 464 2266 634 2350; x_wconf 86' lang='lat' dir='ltr'>fugaverat</span> <span class='ocrx_word' id='word_1_161' title='bbox 652 2265 815 2349; x_wconf 90' lang='lat' dir='ltr'>legionem</span> <span class='ocrx_word' id='word_1_162' title='bbox 836 2283 929 2330; x_wconf 80' lang='lat' dir='ltr'>xxxv</span> <span class='ocrx_word' id='word_1_163' title='bbox 943 2264 1090 2349; x_wconf 80' lang='lat' dir='ltr'>Antonii,</span> <span class='ocrx_word' id='word_1_164' title='bbox 1108 2270 1146 2329; x_wconf 91' lang='lat' dir='ltr'>ut</span> <span class='ocrx_word' id='word_1_165' title='bbox 1164 2265 1304 2349; x_wconf 87' lang='lat' dir='ltr'>amplius</span> <span class='ocrx_word' id='word_1_166' title='bbox 1319 2286 1438 2349; x_wconf 85' lang='lat' dir='ltr'>passus</span> <span class='ocrx_word' id='word_1_167' title='bbox 1453 2283 1477 2329; x_wconf 81' lang='grc' dir='ltr'>Ι)</span> 
     </span>
     <span class='ocr_line' id='line_1_19' title="bbox 194 2371 1478 2457; baseline 0.002 -23"><span class='ocrx_word' id='word_1_168' title='bbox 194 2371 283 2435; x_wconf 89' lang='lat' dir='ltr'>ultra</span> <span class='ocrx_word' id='word_1_169' title='bbox 311 2373 427 2453; x_wconf 87' lang='lat' dir='ltr'>aciem,</span> <span class='ocrx_word' id='word_1_170' title='bbox 458 2395 521 2456; x_wconf 87' lang='lat' dir='ltr'>qao</span> <span class='ocrx_word' id='word_1_171' title='bbox 550 2373 621 2436; x_wconf 89' lang='lat' dir='ltr'>loco</span> <span class='ocrx_word' id='word_1_172' title='bbox 652 2375 805 2457; x_wconf 87' lang='lat' dir='ltr'>steterat,</span> <span class='ocrx_word' id='word_1_173' title='bbox 833 2372 1038 2456; x_wconf 87' lang='lat' dir='ltr'>processerit.</span> <span class='ocrx_word' id='word_1_174' title='bbox 1084 2372 1209 2456; x_wconf 84' lang='lat' dir='ltr'>itaque,</span> <span class='ocrx_word' id='word_1_175' title='bbox 1243 2394 1317 2437; x_wconf 90' lang='lat' dir='ltr'>cnm</span> <span class='ocrx_word' id='word_1_176' title='bbox 1346 2372 1478 2457; x_wconf 82' lang='lat' dir='ltr'>equites</span> 
     </span>
     <span class='ocr_line' id='line_1_20' title="bbox 194 2478 1478 2562; baseline 0.002 -22"><span class='ocrx_word' id='word_1_177' title='bbox 194 2484 343 2543; x_wconf 90' lang='lat' dir='ltr'>nostrum</span> <span class='ocrx_word' id='word_1_178' title='bbox 363 2501 498 2544; x_wconf 89' lang='lat' dir='ltr'>cornum</span> <span class='ocrx_word' id='word_1_179' title='bbox 517 2478 687 2544; x_wconf 84' lang='lat' dir='ltr'>circumire</span> <span class='ocrx_word' id='word_1_180' title='bbox 706 2479 837 2562; x_wconf 89' lang='lat' dir='ltr'>vellent,</span> <span class='ocrx_word' id='word_1_181' title='bbox 856 2479 999 2562; x_wconf 88' lang='lat' dir='ltr'>recipere</span> <span class='ocrx_word' id='word_1_182' title='bbox 1018 2499 1070 2542; x_wconf 90' lang='lat' dir='ltr'>me</span> <span class='ocrx_word' id='word_1_183' title='bbox 1089 2478 1181 2562; x_wconf 89' lang='lat' dir='ltr'>coepi</span> <span class='ocrx_word' id='word_1_184' title='bbox 1200 2481 1234 2543; x_wconf 89' lang='lat' dir='ltr'>et</span> <span class='ocrx_word' id='word_1_185' title='bbox 1252 2479 1357 2543; x_wconf 86' lang='lat' dir='ltr'>levem</span> <span class='ocrx_word' id='word_1_186' title='bbox 1373 2500 1478 2543; x_wconf 69' lang='lat' dir='ltr'>armar</span> 
     </span>
     <span class='ocr_line' id='line_1_21' title="bbox 195 2583 1516 2671; baseline 0 -24"><span class='ocrx_word' id='word_1_187' title='bbox 195 2591 302 2648; x_wconf 90' lang='lat' dir='ltr'>turam</span> <span class='ocrx_word' id='word_1_188' title='bbox 327 2608 489 2670; x_wconf 89' lang='lat' dir='ltr'>opponere</span> <span class='ocrx_word' id='word_1_189' title='bbox 512 2583 701 2649; x_wconf 89' lang='lat' dir='ltr'>Maurorum</span> <span class='ocrx_word' id='word_1_190' title='bbox 727 2585 907 2670; x_wconf 89' lang='lat' dir='ltr'>equitibus,</span> <span class='ocrx_word' id='word_1_191' title='bbox 933 2607 973 2649; x_wconf 92' lang='lat' dir='ltr'>ne</span> <span class='ocrx_word' id='word_1_192' title='bbox 1002 2606 1133 2650; x_wconf 90' lang='lat' dir='ltr'>aversos</span> <span class='ocrx_word' id='word_1_193' title='bbox 1161 2589 1293 2651; x_wconf 89' lang='lat' dir='ltr'>nostros</span> <span class='ocrx_word' id='word_1_194' title='bbox 1321 2585 1478 2671; x_wconf 77' lang='lat' dir='ltr'>adgrede</span> <span class='ocrx_word' id='word_1_195' title='bbox 1491 2608 1516 2646; x_wconf 81' lang='lat' dir='ltr'>so</span> 
     </span>
     <span class='ocr_line' id='line_1_22' title="bbox 194 2691 1478 2776; baseline -0.001 -20"><span class='ocrx_word' id='word_1_196' title='bbox 194 2697 314 2756; x_wconf 89' lang='lat' dir='ltr'>rentur.</span> <span class='ocrx_word' id='word_1_197' title='bbox 357 2692 487 2756; x_wconf 89' lang='lat' dir='ltr'>interim</span> <span class='ocrx_word' id='word_1_198' title='bbox 512 2692 603 2757; x_wconf 90' lang='lat' dir='ltr'>video</span> <span class='ocrx_word' id='word_1_199' title='bbox 628 2714 679 2757; x_wconf 89' lang='lat' dir='ltr'>me</span> <span class='ocrx_word' id='word_1_200' title='bbox 703 2713 773 2756; x_wconf 88' lang='lat' dir='ltr'>esse</span> <span class='ocrx_word' id='word_1_201' title='bbox 797 2693 883 2756; x_wconf 89' lang='lat' dir='ltr'>inter</span> <span class='ocrx_word' id='word_1_202' title='bbox 900 2691 1108 2757; x_wconf 89' lang='lat' dir='ltr'>Antonianos</span> <span class='ocrx_word' id='word_1_203' title='bbox 1128 2691 1373 2776; x_wconf 86' lang='lat' dir='ltr'>Antoniumque</span> <span class='ocrx_word' id='word_1_204' title='bbox 1400 2695 1478 2776; x_wconf 91' lang='lat' dir='ltr'>post</span> 
     </span>
     <span class='ocr_line' id='line_1_23' title="bbox 193 2797 1477 2884; baseline 0.001 -22"><span class='ocrx_word' id='word_1_205' title='bbox 193 2822 244 2863; x_wconf 89' lang='lat' dir='ltr'>rne</span> <span class='ocrx_word' id='word_1_206' title='bbox 263 2821 333 2862; x_wconf 91' lang='lat' dir='ltr'>esse</span> <span class='ocrx_word' id='word_1_207' title='bbox 354 2799 535 2884; x_wconf 87' lang='lat' dir='ltr'>aliquanto:</span> <span class='ocrx_word' id='word_1_208' title='bbox 559 2803 691 2883; x_wconf 91' lang='lat' dir='ltr'>repente</span> <span class='ocrx_word' id='word_1_209' title='bbox 710 2819 829 2882; x_wconf 90' lang='lat' dir='ltr'>equum</span> <span class='ocrx_word' id='word_1_210' title='bbox 848 2797 970 2862; x_wconf 89' lang='lat' dir='ltr'>immisi</span> <span class='ocrx_word' id='word_1_211' title='bbox 989 2798 1028 2862; x_wconf 91' lang='lat' dir='ltr'>ad</span> <span class='ocrx_word' id='word_1_212' title='bbox 1049 2820 1119 2862; x_wconf 91' lang='lat' dir='ltr'>eam</span> <span class='ocrx_word' id='word_1_213' title='bbox 1139 2798 1301 2884; x_wconf 90' lang='lat' dir='ltr'>legionem</span> <span class='ocrx_word' id='word_1_214' title='bbox 1320 2799 1477 2879; x_wconf 81' lang='lat' dir='ltr'>tironum,</span> 
     </span>
     <span class='ocr_line' id='line_1_24' title="bbox 193 2904 1477 2991; baseline 0 -22"><span class='ocrx_word' id='word_1_215' title='bbox 193 2929 274 2989; x_wconf 92' lang='lat' dir='ltr'>quae</span> <span class='ocrx_word' id='word_1_216' title='bbox 308 2906 458 2970; x_wconf 89' lang='lat' dir='ltr'>veniebat</span> <span class='ocrx_word' id='word_1_217' title='bbox 491 2929 529 2971; x_wconf 88' lang='lat' dir='ltr'>ex</span> <span class='ocrx_word' id='word_1_218' title='bbox 563 2905 696 2990; x_wconf 85' lang='lat' dir='ltr'>castris,</span> <span class='ocrx_word' id='word_1_219' title='bbox 731 2909 823 2970; x_wconf 88' lang='lat' dir='ltr'>scuto</span> <span class='ocrx_word' id='word_1_220' title='bbox 856 2905 987 2970; x_wconf 79' lang='lat' dir='ltr'>reiecta.</span> <span class='ocrx_word' id='word_1_221' title='bbox 1035 2904 1213 2970; x_wconf 88' lang='lat' dir='ltr'>Antoniani</span> <span class='ocrx_word' id='word_1_222' title='bbox 1246 2928 1297 2971; x_wconf 90' lang='lat' dir='ltr'>me</span> <span class='ocrx_word' id='word_1_223' title='bbox 1330 2905 1477 2991; x_wconf 67' lang='lat' dir='ltr'>insequi,</span> 
     </span>
     <span class='ocr_line' id='line_1_25' title="bbox 192 3010 1475 3097; baseline 0.001 -22"><span class='ocrx_word' id='word_1_224' title='bbox 192 3012 296 3075; x_wconf 88' lang='lat' dir='ltr'>nostri</span> <span class='ocrx_word' id='word_1_225' title='bbox 326 3010 394 3094; x_wconf 88' lang='lat' dir='ltr'>pila</span> <span class='ocrx_word' id='word_1_226' title='bbox 422 3012 544 3076; x_wconf 90' lang='lat' dir='ltr'>coicere</span> <span class='ocrx_word' id='word_1_227' title='bbox 573 3013 667 3076; x_wconf 91' lang='lat' dir='ltr'>velle:</span> <span class='ocrx_word' id='word_1_228' title='bbox 696 3012 744 3075; x_wconf 88' lang='lat' dir='ltr'>ita</span> <span class='ocrx_word' id='word_1_229' title='bbox 771 3011 881 3076; x_wconf 89' lang='lat' dir='ltr'>nescio</span> <span class='ocrx_word' id='word_1_230' title='bbox 910 3032 974 3095; x_wconf 91' lang='lat' dir='ltr'>qno</span> <span class='ocrx_word' id='word_1_231' title='bbox 1002 3011 1072 3076; x_wconf 85' lang='lat' dir='ltr'>tato</span> <span class='ocrx_word' id='word_1_232' title='bbox 1101 3034 1180 3077; x_wconf 87' lang='lat' dir='ltr'>aum·</span> <span class='ocrx_word' id='word_1_233' title='bbox 1197 3017 1360 3097; x_wconf 86' lang='lat' dir='ltr'>servatus,</span> <span class='ocrx_word' id='word_1_234' title='bbox 1389 3012 1475 3096; x_wconf 91' lang='lat' dir='ltr'>quod</span> 
     </span>
    </p>

    <p class='ocr_par' dir='ltr' id='par_1_5' title="bbox 158 3115 1515 3949">
     <span class='ocr_line' id='line_1_26' title="bbox 158 3115 1514 3204; baseline -0.001 -24"><span class='ocrx_word' id='word_1_235' title='bbox 158 3136 266 3180; x_wconf 74' lang='lat' dir='ltr'>esum</span> <span class='ocrx_word' id='word_1_236' title='bbox 292 3118 357 3180; x_wconf 91' lang='lat' dir='ltr'>cito</span> <span class='ocrx_word' id='word_1_237' title='bbox 383 3142 400 3179; x_wconf 83' lang='lat' dir='ltr'>a</span> <span class='ocrx_word' id='word_1_238' title='bbox 423 3120 545 3182; x_wconf 91' lang='lat' dir='ltr'>nostris</span> <span class='ocrx_word' id='word_1_239' title='bbox 569 3116 730 3204; x_wconf 88' lang='lat' dir='ltr'>cognitus.</span> <span class='ocrx_word' id='word_1_240' title='bbox 776 3119 809 3181; x_wconf 92' lang='lat' dir='ltr'>in</span> <span class='ocrx_word' id='word_1_241' title='bbox 833 3118 905 3202; x_wconf 79' lang='lat' dir='ltr'>ipsa</span> <span class='ocrx_word' id='word_1_242' title='bbox 927 3118 1078 3200; x_wconf 89' lang='lat' dir='ltr'>Aemilia,</span> <span class='ocrx_word' id='word_1_243' title='bbox 1101 3119 1159 3184; x_wconf 91' lang='lat' dir='ltr'>ubi</span> <span class='ocrx_word' id='word_1_244' title='bbox 1182 3119 1299 3185; x_wconf 77' lang='lat' dir='ltr'>cohors</span> <span class='ocrx_word' id='word_1_245' title='bbox 1323 3115 1475 3184; x_wconf 79' lang='lat' dir='ltr'>Caesaris</span> <span class='ocrx_word' id='word_1_246' title='bbox 1489 3142 1514 3180; x_wconf 72' lang='lat' dir='ltr'>st»</span> 
     </span>
     <span class='ocr_line' id='line_1_27' title="bbox 192 3223 1475 3310; baseline 0.003 -25"><span class='ocrx_word' id='word_1_247' title='bbox 192 3225 356 3307; x_wconf 89' lang='lat' dir='ltr'>praetoria</span> <span class='ocrx_word' id='word_1_248' title='bbox 380 3230 463 3305; x_wconf 88' lang='lat' dir='ltr'>crat,</span> <span class='ocrx_word' id='word_1_249' title='bbox 486 3225 541 3289; x_wconf 89' lang='lat' dir='ltr'>diu</span> <span class='ocrx_word' id='word_1_250' title='bbox 564 3230 746 3310; x_wconf 88' lang='lat' dir='ltr'>pugnatum</span> <span class='ocrx_word' id='word_1_251' title='bbox 770 3229 829 3288; x_wconf 91' lang='lat' dir='ltr'>est.</span> <span class='ocrx_word' id='word_1_252' title='bbox 876 3246 975 3288; x_wconf 89' lang='lat' dir='ltr'>comu</span> <span class='ocrx_word' id='word_1_253' title='bbox 1000 3223 1199 3308; x_wconf 86' lang='lat' dir='ltr'>sinisterius,</span> <span class='ocrx_word' id='word_1_254' title='bbox 1223 3225 1310 3310; x_wconf 90' lang='lat' dir='ltr'>quod</span> <span class='ocrx_word' id='word_1_255' title='bbox 1334 3229 1407 3289; x_wconf 82' lang='lat' dir='ltr'>erat</span> <span class='ocrx_word' id='word_1_256' title='bbox 1429 3225 1475 3289; x_wconf 94' lang='lat' dir='ltr'>in·</span> 
     </span>
     <span class='ocr_line' id='line_1_28' title="bbox 192 3329 1476 3417; baseline 0.004 -25"><span class='ocrx_word' id='word_1_257' title='bbox 192 3330 331 3413; x_wconf 79' lang='lat' dir='ltr'>firmius,</span> <span class='ocrx_word' id='word_1_258' title='bbox 359 3331 415 3394; x_wconf 89' lang='lat' dir='ltr'>ubi</span> <span class='ocrx_word' id='word_1_259' title='bbox 439 3329 577 3395; x_wconf 85' lang='lat' dir='ltr'>Martiae</span> <span class='ocrx_word' id='word_1_260' title='bbox 606 3332 745 3417; x_wconf 89' lang='lat' dir='ltr'>legionis</span> <span class='ocrx_word' id='word_1_261' title='bbox 774 3332 855 3396; x_wconf 90' lang='lat' dir='ltr'>duae</span> <span class='ocrx_word' id='word_1_262' title='bbox 885 3331 1036 3396; x_wconf 87' lang='lat' dir='ltr'>cohortes</span> <span class='ocrx_word' id='word_1_263' title='bbox 1064 3336 1158 3396; x_wconf 91' lang='lat' dir='ltr'>erant</span> <span class='ocrx_word' id='word_1_264' title='bbox 1181 3335 1215 3396; x_wconf 90' lang='lat' dir='ltr'>et</span> <span class='ocrx_word' id='word_1_265' title='bbox 1238 3330 1355 3397; x_wconf 92' lang='lat' dir='ltr'>cohors</span> <span class='ocrx_word' id='word_1_266' title='bbox 1384 3355 1476 3416; x_wconf 72' lang='lat' dir='ltr'>prae</span> 
     </span>
     <span class='ocr_line' id='line_1_29' title="bbox 192 3436 1476 3523; baseline 0.002 -23"><span class='ocrx_word' id='word_1_267' title='bbox 192 3438 289 3518; x_wconf 88' lang='lat' dir='ltr'>toria,</span> <span class='ocrx_word' id='word_1_268' title='bbox 323 3438 436 3520; x_wconf 91' lang='lat' dir='ltr'>pedem</span> <span class='ocrx_word' id='word_1_269' title='bbox 467 3436 586 3502; x_wconf 88' lang='lat' dir='ltr'>referre</span> <span class='ocrx_word' id='word_1_270' title='bbox 619 3444 809 3523; x_wconf 92' lang='lat' dir='ltr'>coeperunt,</span> <span class='ocrx_word' id='word_1_271' title='bbox 842 3438 926 3521; x_wconf 93' lang='lat' dir='ltr'>quod</span> <span class='ocrx_word' id='word_1_272' title='bbox 955 3439 996 3501; x_wconf 90' lang='lat' dir='ltr'>ab</span> <span class='ocrx_word' id='word_1_273' title='bbox 1025 3438 1175 3522; x_wconf 90' lang='lat' dir='ltr'>equitatu</span> <span class='ocrx_word' id='word_1_274' title='bbox 1207 3438 1476 3522; x_wconf 85' lang='lat' dir='ltr'>circumibantur,</span> 
     </span>
     <span class='ocr_line' id='line_1_30' title="bbox 192 3544 1474 3629; baseline 0.003 -23"><span class='ocrx_word' id='word_1_275' title='bbox 192 3567 256 3627; x_wconf 88' lang='lat' dir='ltr'>quo</span> <span class='ocrx_word' id='word_1_276' title='bbox 281 3545 328 3607; x_wconf 86' lang='lat' dir='ltr'>vel</span> <span class='ocrx_word' id='word_1_277' title='bbox 354 3544 530 3628; x_wconf 86' lang='lat' dir='ltr'>plurimum</span> <span class='ocrx_word' id='word_1_278' title='bbox 554 3545 641 3609; x_wconf 88' lang='lat' dir='ltr'>valet</span> <span class='ocrx_word' id='word_1_279' title='bbox 661 3546 833 3610; x_wconf 88' lang='lat' dir='ltr'>Antonius.</span> <span class='ocrx_word' id='word_1_280' title='bbox 872 3567 944 3608; x_wconf 91' lang='lat' dir='ltr'>cum</span> <span class='ocrx_word' id='word_1_281' title='bbox 963 3566 1075 3610; x_wconf 89' lang='lat' dir='ltr'>omnes</span> <span class='ocrx_word' id='word_1_282' title='bbox 1095 3567 1129 3609; x_wconf 88' lang='lat' dir='ltr'>se</span> <span class='ocrx_word' id='word_1_283' title='bbox 1149 3545 1348 3629; x_wconf 85' lang='lat' dir='ltr'>recepissent</span> <span class='ocrx_word' id='word_1_284' title='bbox 1365 3547 1474 3610; x_wconf 88' lang='lat' dir='ltr'>nostri</span> 
     </span>
     <span class='ocr_line' id='line_1_31' title="bbox 192 3651 1515 3736; baseline -0.002 -22"><span class='ocrx_word' id='word_1_285' title='bbox 192 3652 330 3733; x_wconf 90' lang='lat' dir='ltr'>ordines,</span> <span class='ocrx_word' id='word_1_286' title='bbox 354 3651 495 3734; x_wconf 91' lang='lat' dir='ltr'>recipere</span> <span class='ocrx_word' id='word_1_287' title='bbox 514 3673 565 3715; x_wconf 87' lang='lat' dir='ltr'>nro</span> <span class='ocrx_word' id='word_1_288' title='bbox 584 3651 780 3716; x_wconf 87' lang='lat' dir='ltr'>novissimus</span> <span class='ocrx_word' id='word_1_289' title='bbox 805 3652 895 3735; x_wconf 91' lang='lat' dir='ltr'>coepi</span> <span class='ocrx_word' id='word_1_290' title='bbox 915 3652 954 3715; x_wconf 89' lang='lat' dir='ltr'>ad</span> <span class='ocrx_word' id='word_1_291' title='bbox 975 3656 1096 3734; x_wconf 71' lang='lat' dir='ltr'>castra,</span> <span class='ocrx_word' id='word_1_292' title='bbox 1120 3651 1284 3716; x_wconf 88' lang='lat' dir='ltr'>Antonius</span> <span class='ocrx_word' id='word_1_293' title='bbox 1303 3655 1475 3736; x_wconf 82' lang='lat' dir='ltr'>tamquam</span> <span class='ocrx_word' id='word_1_294' title='bbox 1489 3673 1515 3711; x_wconf 82' lang='lat' dir='ltr'>ao</span> 
     </span>
     <span class='ocr_line' id='line_1_32' title="bbox 192 3757 1474 3842; baseline 0.001 -21"><span class='ocrx_word' id='word_1_295' title='bbox 192 3757 296 3821; x_wconf 89' lang='lat' dir='ltr'>victor</span> <span class='ocrx_word' id='word_1_296' title='bbox 324 3762 432 3822; x_wconf 87' lang='lat' dir='ltr'>castra</span> <span class='ocrx_word' id='word_1_297' title='bbox 460 3758 589 3841; x_wconf 91' lang='lat' dir='ltr'>putavit</span> <span class='ocrx_word' id='word_1_298' title='bbox 617 3780 649 3822; x_wconf 92' lang='lat' dir='ltr'>se</span> <span class='ocrx_word' id='word_1_299' title='bbox 678 3779 774 3842; x_wconf 88' lang='lat' dir='ltr'>posse</span> <span class='ocrx_word' id='word_1_300' title='bbox 802 3779 930 3841; x_wconf 89' lang='lat' dir='ltr'>capere:</span> <span class='ocrx_word' id='word_1_301' title='bbox 962 3779 1026 3842; x_wconf 90' lang='lat' dir='ltr'>quo</span> <span class='ocrx_word' id='word_1_302' title='bbox 1054 3780 1128 3823; x_wconf 89' lang='lat' dir='ltr'>cum</span> <span class='ocrx_word' id='word_1_303' title='bbox 1157 3757 1259 3840; x_wconf 89' lang='lat' dir='ltr'>venit,</span> <span class='ocrx_word' id='word_1_304' title='bbox 1287 3758 1474 3842; x_wconf 90' lang='lat' dir='ltr'>complures</span> 
     </span>
     <span class='ocr_line' id='line_1_33' title="bbox 193 3863 754 3949; baseline 0.002 -23"><span class='ocrx_word' id='word_1_305' title='bbox 193 3864 237 3927; x_wconf 89' lang='lat' dir='ltr'>ibi</span> <span class='ocrx_word' id='word_1_306' title='bbox 262 3863 373 3927; x_wconf 87' lang='lat' dir='ltr'>amisit</span> <span class='ocrx_word' id='word_1_307' title='bbox 396 3887 455 3928; x_wconf 89' lang='lat' dir='ltr'>nec</span> <span class='ocrx_word' id='word_1_308' title='bbox 479 3865 548 3949; x_wconf 87' lang='lat' dir='ltr'>egit</span> <span class='ocrx_word' id='word_1_309' title='bbox 571 3864 754 3947; x_wconf 88' lang='lat' dir='ltr'>quicquam.</span> 
     </span>
    </p>
   </div>
   <div class='ocr_carea' id='block_1_3' title="bbox 161 4055 1476 4838">
    <p class='ocr_par' dir='ltr' id='par_1_6' title="bbox 161 4055 1476 4838">
     <span class='ocr_line' id='line_1_34' title="bbox 281 4055 1475 4132; baseline 0.005 -25"><span class='ocrx_word' id='word_1_310' title='bbox 281 4062 304 4110; x_wconf 86' lang='lat'>1.</span> <span class='ocrx_word' id='word_1_311' title='bbox 326 4055 397 4128; x_wconf 86' lang='lat' dir='ltr'>&lt;et&gt;</span> <span class='ocrx_word' id='word_1_312' title='bbox 417 4059 597 4110; x_wconf 87' lang='lat' dir='ltr'>evocatorum</span> <span class='ocrx_word' id='word_1_313' title='bbox 616 4059 677 4124; x_wconf 81' lang='lat' dir='ltr'>alii,</span> <span class='ocrx_word' id='word_1_314' title='bbox 695 4059 771 4111; x_wconf 82' lang='lat' dir='ltr'>mole.</span> <span class='ocrx_word' id='word_1_315' title='bbox 794 4059 828 4124; x_wconf 82' lang='lat' dir='ltr'>cf.</span> <span class='ocrx_word' id='word_1_316' title='bbox 844 4057 1014 4127; x_wconf 81' lang='lat' dir='ltr'>Marqaardt</span> <span class='ocrx_word' id='word_1_317' title='bbox 1033 4059 1227 4113; x_wconf 75' lang='lat' dir='ltr'>‘Staatccerao&#39;</span> <span class='ocrx_word' id='word_1_318' title='bbox 1248 4057 1291 4110; x_wconf 81' lang='lat'>11¹</span> <span class='ocrx_word' id='word_1_319' title='bbox 1307 4063 1450 4129; x_wconf 45' lang='grc' dir='ltr'>μάθω.</span> <span class='ocrx_word' id='word_1_320' title='bbox 1465 4061 1475 4132; x_wconf 66' lang='grc' dir='ltr'>ῃ</span> 
     </span>
     <span class='ocr_line' id='line_1_35' title="bbox 191 4127 1473 4199; baseline 0.005 -20"><span class='ocrx_word' id='word_1_321' title='bbox 191 4133 214 4182; x_wconf 82' lang='grc'>3,</span> <span class='ocrx_word' id='word_1_322' title='bbox 235 4127 324 4181; x_wconf 89' lang='lat' dir='ltr'>tutius</span> <span class='ocrx_word' id='word_1_323' title='bbox 349 4127 445 4181; x_wconf 90' lang='lat' dir='ltr'>uenire</span> <span class='ocrx_word' id='word_1_324' title='bbox 468 4127 498 4181; x_wconf 92' lang='lat' dir='ltr'>in</span> <span class='ocrx_word' id='word_1_325' title='bbox 522 4130 615 4182; x_wconf 84' lang='lat' dir='ltr'>castra</span> <span class='ocrx_word' id='word_1_326' title='bbox 638 4127 843 4198; x_wconf 89' lang='lat' dir='ltr'>possuissemus</span> <span class='ocrx_word' id='word_1_327' title='bbox 863 4129 908 4196; x_wconf 89' lang='lat' dir='ltr'>M,</span> <span class='ocrx_word' id='word_1_328' title='bbox 934 4128 1024 4182; x_wconf 90' lang='lat' dir='ltr'>tutius</span> <span class='ocrx_word' id='word_1_329' title='bbox 1043 4129 1072 4182; x_wconf 92' lang='lat' dir='ltr'>in</span> <span class='ocrx_word' id='word_1_330' title='bbox 1096 4132 1190 4184; x_wconf 87' lang='lat' dir='ltr'>castra</span> <span class='ocrx_word' id='word_1_331' title='bbox 1212 4128 1310 4183; x_wconf 85' lang='lat' dir='ltr'>uenire</span> <span class='ocrx_word' id='word_1_332' title='bbox 1332 4129 1473 4199; x_wconf 85' lang='lat' dir='ltr'>potuisse·</span> 
     </span>
     <span class='ocr_line' id='line_1_36' title="bbox 161 4191 1476 4271; baseline 0.005 -20"><span class='ocrx_word' id='word_1_333' title='bbox 161 4191 252 4252; x_wconf 83' lang='lat' dir='ltr'>&#39;mus</span> <span class='ocrx_word' id='word_1_334' title='bbox 280 4200 348 4253; x_wconf 82' lang='lat' dir='ltr'>m).</span> <span class='ocrx_word' id='word_1_335' title='bbox 386 4215 531 4268; x_wconf 89' lang='lat' dir='ltr'>possemus</span> <span class='ocrx_word' id='word_1_336' title='bbox 558 4202 712 4270; x_wconf 64' lang='lat' dir='ltr'>corripiat,</span> <span class='ocrx_word' id='word_1_337' title='bbox 744 4201 838 4253; x_wconf 84' lang='lat' dir='ltr'>malim</span> <span class='ocrx_word' id='word_1_338' title='bbox 865 4199 941 4269; x_wconf 88' lang='lat' dir='ltr'>potia</span> <span class='ocrx_word' id='word_1_339' title='bbox 970 4216 1102 4256; x_wconf 87' lang='lat' dir='ltr'>essemus.</span> <span class='ocrx_word' id='word_1_340' title='bbox 1139 4203 1173 4267; x_wconf 76' lang='lat' dir='ltr'>cs.</span> <span class='ocrx_word' id='word_1_341' title='bbox 1199 4200 1342 4255; x_wconf 74' lang='lat' dir='ltr'>Hellmutt</span> <span class='ocrx_word' id='word_1_342' title='bbox 1364 4219 1397 4271; x_wconf 83' lang='lat' dir='ltr'>p.</span> <span class='ocrx_word' id='word_1_343' title='bbox 1418 4203 1476 4267; x_wconf 68' lang='lat'>181?</span> 
     </span>
     <span class='ocr_line' id='line_1_37' title="bbox 192 4270 1474 4340; baseline 0.004 -18"><span class='ocrx_word' id='word_1_344' title='bbox 192 4278 215 4322; x_wconf 83' lang='grc'>9.</span> <span class='ocrx_word' id='word_1_345' title='bbox 236 4270 393 4337; x_wconf 89' lang='lat' dir='ltr'>equitatum</span> <span class='ocrx_word' id='word_1_346' title='bbox 412 4274 441 4324; x_wconf 89' lang='lat' dir='ltr'>et</span> <span class='ocrx_word' id='word_1_347' title='bbox 460 4272 505 4338; x_wconf 88' lang='lat' dir='ltr'>M,</span> <span class='ocrx_word' id='word_1_348' title='bbox 530 4289 580 4324; x_wconf 84' lang='lat' dir='ltr'>om.</span> <span class='ocrx_word' id='word_1_349' title='bbox 601 4272 748 4340; x_wconf 72' lang='lat' dir='ltr'>HDt12·</span> <span class='ocrx_word' id='word_1_350' title='bbox 769 4270 920 4325; x_wconf 89' lang='lat' dir='ltr'>transimus</span> <span class='ocrx_word' id='word_1_351' title='bbox 940 4271 986 4339; x_wconf 89' lang='lat' dir='ltr'>M,</span> <span class='ocrx_word' id='word_1_352' title='bbox 1009 4270 1191 4325; x_wconf 84' lang='lat' dir='ltr'>transiuimns</span> <span class='ocrx_word' id='word_1_353' title='bbox 1211 4272 1283 4339; x_wconf 85' lang='lat' dir='ltr'>HD,</span> <span class='ocrx_word' id='word_1_354' title='bbox 1307 4271 1474 4327; x_wconf 84' lang='lat' dir='ltr'>transiimns</span> 
     </span>
     <span class='ocr_line' id='line_1_38' title="bbox 190 4342 1473 4415; baseline 0.004 -22"><span class='ocrx_word' id='word_1_355' title='bbox 190 4343 249 4395; x_wconf 74' lang='lat' dir='ltr'>(clii.</span> <span class='ocrx_word' id='word_1_356' title='bbox 283 4342 317 4408; x_wconf 71' lang='lat' dir='ltr'>cf.</span> <span class='ocrx_word' id='word_1_357' title='bbox 343 4343 483 4396; x_wconf 80' lang='lat' dir='ltr'>Hellmutt</span> <span class='ocrx_word' id='word_1_358' title='bbox 504 4360 532 4410; x_wconf 83' lang='lat' dir='ltr'>p.</span> <span class='ocrx_word' id='word_1_359' title='bbox 550 4347 581 4394; x_wconf 81' lang='lat'>12</span> <span class='ocrx_word' id='word_1_360' title='bbox 610 4345 619 4412; x_wconf 82' lang='lat' dir='ltr'>t</span> <span class='ocrx_word' id='word_1_361' title='bbox 647 4347 688 4397; x_wconf 86' lang='lat'>13.</span> <span class='ocrx_word' id='word_1_362' title='bbox 713 4342 803 4397; x_wconf 84' lang='lat' dir='ltr'>duae:</span> <span class='ocrx_word' id='word_1_363' title='bbox 828 4343 954 4413; x_wconf 87' lang='lat' dir='ltr'>repente]</span> <span class='ocrx_word' id='word_1_364' title='bbox 983 4345 1017 4409; x_wconf 73' lang='lat' dir='ltr'>cf.</span> <span class='ocrx_word' id='word_1_365' title='bbox 1037 4344 1073 4396; x_wconf 78' lang='lat' dir='ltr'>ib.</span> <span class='ocrx_word' id='word_1_366' title='bbox 1089 4361 1118 4412; x_wconf 85' lang='lat' dir='ltr'>p.</span> <span class='ocrx_word' id='word_1_367' title='bbox 1135 4348 1169 4396; x_wconf 75' lang='lat'>20</span> <span class='ocrx_word' id='word_1_368' title='bbox 1195 4346 1205 4412; x_wconf 79' lang='grc' dir='ltr'>ΙΙ</span> <span class='ocrx_word' id='word_1_369' title='bbox 1235 4349 1275 4397; x_wconf 81' lang='lat'>14.</span> <span class='ocrx_word' id='word_1_370' title='bbox 1298 4349 1339 4399; x_wconf 79' lang='lat'>15.</span> <span class='ocrx_word' id='word_1_371' title='bbox 1362 4359 1473 4415; x_wconf 78' lang='lat' dir='ltr'>pugna·</span> 
     </span>
     <span class='ocr_line' id='line_1_39' title="bbox 190 4413 1472 4484; baseline 0.006 -21"><span class='ocrx_word' id='word_1_372' title='bbox 190 4416 278 4464; x_wconf 81' lang='lat' dir='ltr'>tumst</span> <span class='ocrx_word' id='word_1_373' title='bbox 297 4413 354 4479; x_wconf 84' lang='lat' dir='ltr'>M¹‚</span> <span class='ocrx_word' id='word_1_374' title='bbox 381 4416 537 4482; x_wconf 88' lang='lat' dir='ltr'>pugnatum</span> <span class='ocrx_word' id='word_1_375' title='bbox 557 4418 600 4466; x_wconf 88' lang='lat' dir='ltr'>est</span> <span class='ocrx_word' id='word_1_376' title='bbox 619 4413 737 4467; x_wconf 75' lang='lat' dir='ltr'>McHD</span> <span class='ocrx_word' id='word_1_377' title='bbox 759 4418 768 4483; x_wconf 84' lang='lat' dir='ltr'>t</span> <span class='ocrx_word' id='word_1_378' title='bbox 792 4419 832 4467; x_wconf 88' lang='grc'>16.</span> <span class='ocrx_word' id='word_1_379' title='bbox 853 4431 915 4466; x_wconf 87' lang='lat' dir='ltr'>cunr</span> <span class='ocrx_word' id='word_1_380' title='bbox 935 4413 1019 4466; x_wconf 89' lang='lat' dir='ltr'>marti</span> <span class='ocrx_word' id='word_1_381' title='bbox 1039 4413 1188 4483; x_wconf 88' lang='lat' dir='ltr'>relegionis</span> <span class='ocrx_word' id='word_1_382' title='bbox 1207 4415 1270 4484; x_wconf 70' lang='lat' dir='ltr'>Mn</span> <span class='ocrx_word' id='word_1_383' title='bbox 1292 4419 1335 4471; x_wconf 76' lang='lat'>17.</span> <span class='ocrx_word' id='word_1_384' title='bbox 1355 4415 1472 4471; x_wconf 83' lang='lat' dir='ltr'>Antonii</span> 
     </span>
     <span class='ocr_line' id='line_1_40' title="bbox 190 4485 1474 4559; baseline 0.005 -25"><span class='ocrx_word' id='word_1_385' title='bbox 190 4486 239 4536; x_wconf 81' lang='lat' dir='ltr'>del.</span> <span class='ocrx_word' id='word_1_386' title='bbox 261 4485 355 4553; x_wconf 76' lang='lat' dir='ltr'>Kleya</span> <span class='ocrx_word' id='word_1_387' title='bbox 374 4487 414 4552; x_wconf 82' lang='lat' dir='ltr'>(p.</span> <span class='ocrx_word' id='word_1_388' title='bbox 431 4487 476 4551; x_wconf 76' lang='lat'>45)</span> <span class='ocrx_word' id='word_1_389' title='bbox 490 4487 499 4551; x_wconf 78' lang='grc' dir='ltr'>ΙΙ</span> <span class='ocrx_word' id='word_1_390' title='bbox 513 4501 612 4552; x_wconf 88' lang='lat' dir='ltr'>passus</span> <span class='ocrx_word' id='word_1_391' title='bbox 634 4507 648 4537; x_wconf 84' lang='lat' dir='ltr'>o</span> <span class='ocrx_word' id='word_1_392' title='bbox 670 4485 738 4554; x_wconf 88' lang='lat' dir='ltr'>HD,</span> <span class='ocrx_word' id='word_1_393' title='bbox 782 4502 861 4539; x_wconf 86' lang='lat' dir='ltr'>assus</span> <span class='ocrx_word' id='word_1_394' title='bbox 877 4486 914 4538; x_wconf 90' lang='lat' dir='ltr'>M</span> <span class='ocrx_word' id='word_1_395' title='bbox 924 4488 933 4553; x_wconf 81' lang='grc' dir='ltr'>ΙΙ</span> <span class='ocrx_word' id='word_1_396' title='bbox 949 4490 989 4539; x_wconf 89' lang='lat'>18.</span> <span class='ocrx_word' id='word_1_397' title='bbox 1009 4502 1064 4553; x_wconf 92' lang='lat' dir='ltr'>quo</span> <span class='ocrx_word' id='word_1_398' title='bbox 1083 4485 1144 4539; x_wconf 92' lang='lat' dir='ltr'>loco</span> <span class='ocrx_word' id='word_1_399' title='bbox 1164 4487 1284 4539; x_wconf 86' lang='lat' dir='ltr'>steterat</span> <span class='ocrx_word' id='word_1_400' title='bbox 1302 4488 1353 4542; x_wconf 79' lang='lat' dir='ltr'>del.</span> <span class='ocrx_word' id='word_1_401' title='bbox 1370 4488 1474 4559; x_wconf 76' lang='lat' dir='ltr'>Kleyrr.</span> 
     </span>
     <span class='ocr_line' id='line_1_41' title="bbox 191 4557 1472 4638; baseline 0.006 -34"><span class='ocrx_word' id='word_1_402' title='bbox 191 4558 297 4608; x_wconf 70' lang='lat' dir='ltr'>iniuria</span> <span class='ocrx_word' id='word_1_403' title='bbox 321 4558 329 4622; x_wconf 83' lang='grc' dir='ltr'>ΙΙ</span> <span class='ocrx_word' id='word_1_404' title='bbox 354 4561 394 4608; x_wconf 78' lang='grc'>19.</span> <span class='ocrx_word' id='word_1_405' title='bbox 415 4572 530 4608; x_wconf 92' lang='lat' dir='ltr'>cornum</span> <span class='ocrx_word' id='word_1_406' title='bbox 549 4557 594 4621; x_wconf 89' lang='lat' dir='ltr'>M,</span> <span class='ocrx_word' id='word_1_407' title='bbox 621 4573 706 4610; x_wconf 89' lang='lat' dir='ltr'>cornu</span> <span class='ocrx_word' id='word_1_408' title='bbox 726 4557 759 4609; x_wconf 88' lang='lat' dir='ltr'><em>H</em></span> <span class='ocrx_word' id='word_1_409' title='bbox 808 4559 817 4626; x_wconf 80' lang='lat' dir='ltr'>t</span> <span class='ocrx_word' id='word_1_410' title='bbox 841 4562 882 4609; x_wconf 79' lang='lat'>20.</span> <span class='ocrx_word' id='word_1_411' title='bbox 904 4573 1042 4624; x_wconf 90' lang='lat' dir='ltr'>opponere</span> <span class='ocrx_word' id='word_1_412' title='bbox 1062 4573 1221 4610; x_wconf 90' lang='lat' dir='ltr'>maurorum</span> <span class='ocrx_word' id='word_1_413' title='bbox 1244 4575 1278 4611; x_wconf 77' lang='lat' dir='ltr'>ec</span> <span class='ocrx_word' id='word_1_414' title='bbox 1301 4574 1472 4638; x_wconf 85' lang='lat' dir='ltr'>opponerem</span> 
     </span>
     <span class='ocr_line' id='line_1_42' title="bbox 191 4628 1472 4697; baseline 0.005 -21"><span class='ocrx_word' id='word_1_415' title='bbox 191 4642 319 4678; x_wconf 87' lang='lat' dir='ltr'>aurorum</span> <span class='ocrx_word' id='word_1_416' title='bbox 340 4628 388 4678; x_wconf 80' lang='lat' dir='ltr'>Mc</span> <span class='ocrx_word' id='word_1_417' title='bbox 408 4631 416 4694; x_wconf 83' lang='lat' dir='ltr'>l</span> <span class='ocrx_word' id='word_1_418' title='bbox 437 4632 479 4680; x_wconf 79' lang='lat'>23.</span> <span class='ocrx_word' id='word_1_419' title='bbox 500 4629 614 4693; x_wconf 85' lang='lat' dir='ltr'>scuto,</span> <span class='ocrx_word' id='word_1_420' title='bbox 637 4635 648 4679; x_wconf 89' lang='lat'>1</span> <span class='ocrx_word' id='word_1_421' title='bbox 670 4631 720 4682; x_wconf 78' lang='lat' dir='ltr'>litt.</span> <span class='ocrx_word' id='word_1_422' title='bbox 741 4646 787 4696; x_wconf 72' lang='lat' dir='ltr'>er,</span> <span class='ocrx_word' id='word_1_423' title='bbox 807 4628 839 4680; x_wconf 88' lang='lat' dir='ltr'>M</span> <span class='ocrx_word' id='word_1_424' title='bbox 858 4631 867 4697; x_wconf 72' lang='lat' dir='ltr'>ll</span> <span class='ocrx_word' id='word_1_425' title='bbox 888 4644 931 4681; x_wconf 89' lang='lat' dir='ltr'>me</span> <span class='ocrx_word' id='word_1_426' title='bbox 951 4628 1020 4695; x_wconf 83' lang='lat' dir='ltr'>HD,</span> <span class='ocrx_word' id='word_1_427' title='bbox 1040 4628 1132 4681; x_wconf 89' lang='lat' dir='ltr'>anime</span> <span class='ocrx_word' id='word_1_428' title='bbox 1152 4629 1188 4681; x_wconf 91' lang='lat' dir='ltr'>M</span> <span class='ocrx_word' id='word_1_429' title='bbox 1206 4630 1216 4697; x_wconf 84' lang='grc' dir='ltr'>ΙΙ</span> <span class='ocrx_word' id='word_1_430' title='bbox 1239 4633 1281 4682; x_wconf 74' lang='lat'>24.</span> <span class='ocrx_word' id='word_1_431' title='bbox 1302 4644 1412 4683; x_wconf 79' lang='lat' dir='ltr'>coicere</span> <span class='ocrx_word' id='word_1_432' title='bbox 1430 4630 1472 4695; x_wconf 84' lang='lat' dir='ltr'>M,</span> 
     </span>
     <span class='ocr_line' id='line_1_43' title="bbox 191 4695 1471 4773; baseline 0.008 -27"><span class='ocrx_word' id='word_1_433' title='bbox 191 4695 307 4749; x_wconf 87' lang='lat' dir='ltr'>coiicere</span> <span class='ocrx_word' id='word_1_434' title='bbox 327 4698 363 4764; x_wconf 86' lang='lat' dir='ltr'>I),</span> <span class='ocrx_word' id='word_1_435' title='bbox 384 4697 509 4751; x_wconf 88' lang='lat' dir='ltr'>conicere</span> <span class='ocrx_word' id='word_1_436' title='bbox 530 4697 563 4751; x_wconf 89' lang='lat' dir='ltr'><em>H</em></span> <span class='ocrx_word' id='word_1_437' title='bbox 573 4701 582 4765; x_wconf 87' lang='grc' dir='ltr'>ΙΙ</span> <span class='ocrx_word' id='word_1_438' title='bbox 597 4704 639 4752; x_wconf 79' lang='lat'>25.</span> <span class='ocrx_word' id='word_1_439' title='bbox 660 4698 782 4752; x_wconf 87' lang='lat' dir='ltr'>caesaris</span> <span class='ocrx_word' id='word_1_440' title='bbox 802 4698 899 4752; x_wconf 89' lang='lat' dir='ltr'>cohors</span> <span class='ocrx_word' id='word_1_441' title='bbox 920 4699 1029 4767; x_wconf 73' lang='lat'>111131.</span> <span class='ocrx_word' id='word_1_442' title='bbox 1049 4698 1138 4770; x_wconf 90' lang='lat' dir='ltr'>venit]</span> <span class='ocrx_word' id='word_1_443' title='bbox 1157 4699 1282 4752; x_wconf 88' lang='lat' dir='ltr'>venisset</span> <span class='ocrx_word' id='word_1_444' title='bbox 1301 4700 1471 4773; x_wconf 67' lang='lat' dir='ltr'>Wweaberg.</span> 
     </span>
     <span class='ocr_line' id='line_1_44' title="bbox 190 4769 1028 4838; baseline 0.006 -19"><span class='ocrx_word' id='word_1_445' title='bbox 190 4773 219 4819; x_wconf 81' lang='lat' dir='ltr'>ut</span> <span class='ocrx_word' id='word_1_446' title='bbox 237 4785 260 4821; x_wconf 84' lang='lat' dir='ltr'>c.</span> <span class='ocrx_word' id='word_1_447' title='bbox 282 4769 423 4823; x_wconf 70' lang='lat' dir='ltr'>Helenam</span> <span class='ocrx_word' id='word_1_448' title='bbox 438 4787 467 4837; x_wconf 85' lang='lat' dir='ltr'>p.</span> <span class='ocrx_word' id='word_1_449' title='bbox 484 4775 517 4822; x_wconf 86' lang='lat'>19</span> <span class='ocrx_word' id='word_1_450' title='bbox 536 4771 545 4838; x_wconf 73' lang='grc' dir='ltr'>ΙΙ</span> <span class='ocrx_word' id='word_1_451' title='bbox 566 4775 607 4822; x_wconf 78' lang='lat'>32.</span> <span class='ocrx_word' id='word_1_452' title='bbox 627 4769 724 4823; x_wconf 89' lang='lat' dir='ltr'>amisit</span> <span class='ocrx_word' id='word_1_453' title='bbox 743 4770 812 4838; x_wconf 87' lang='lat' dir='ltr'>HD,</span> <span class='ocrx_word' id='word_1_454' title='bbox 831 4769 915 4825; x_wconf 88' lang='lat' dir='ltr'>amici</span> <span class='ocrx_word' id='word_1_455' title='bbox 935 4771 973 4823; x_wconf 89' lang='lat' dir='ltr'>sit</span> <span class='ocrx_word' id='word_1_456' title='bbox 991 4772 1028 4824; x_wconf 91' lang='lat' dir='ltr'>M</span> 
     </span>
    </p>
   </div>
   <div class='ocr_carea' id='block_1_4' title="bbox 0 0 1648 5460">
    <p class='ocr_par' dir='ltr' id='par_1_7' title="bbox 0 0 1648 5460">
     <span class='ocr_line' id='line_1_45' title="bbox 0 0 1648 5460; baseline 0 1"><span class='ocrx_word' id='word_1_457' title='bbox 0 0 1648 5460; x_wconf 95' lang='lat' dir='ltr'> </span> 
     </span>
    </p>
   </div>
  </div>
 </body>
</html>
