3286 5460
219 340 259 403 18
670 340 707 396 Μ.
726 339 831 394 TVLLI
850 321 1050 392 CICERONIS

217 501 349 569 Cinneis
372 503 573 588 temporibus
601 503 722 569 scimus
750 508 784 568 et
810 491 981 568 nonnullis
1007 499 1082 566 aliis
1110 501 1275 585 accidisse,
1310 523 1378 567 non
1403 500 1495 567 modo

216 609 384 694 praemiis,
408 632 490 694 quae
514 611 600 695 apud
623 633 673 676 me
697 610 868 675 minimum
893 602 1020 689 valent,
1048 609 1105 673 sed
1126 631 1166 674 ne
1190 608 1343 693 periculis
1366 608 1494 693 quidem

216 717 402 801 compulsus
426 717 516 802 ullis,
544 717 662 801 quibus
691 722 801 782 tamen
828 715 1002 779 moventur
1030 715 1129 780 ctiam
1157 713 1330 780 fortissimi
1352 714 1431 799 viri,
1457 714 1492 779 ad

215 845 327 887 corum
350 846 481 889 causam
504 846 555 889 me
579 823 801 910 adiungerem,
828 845 868 887 ne
893 816 921 885 si
945 842 1074 886 summa
1097 823 1226 907 quidem
1248 843 1363 887 eorum
1387 821 1424 885 in
1446 843 1493 885 me

215 931 334 995 merita
352 935 552 1016 constarent3
576 954 649 996 cum
672 935 783 996 autem
805 931 840 994 in
863 951 898 993 re
921 927 1053 1013 publica
1071 928 1129 995 Cn.
1148 928 1322 1013 Pompeius
1343 927 1525 1013 princepis

215 1042 301 1102 esset
324 1038 382 1122 vir,
406 1038 434 1103 is
458 1038 514 1123 qui
536 1039 621 1103 hanc
644 1038 826 1122 potentiam
849 1042 883 1102 et
906 1035 1046 1121 gloriam
1065 1035 1215 1100 maximis
1237 1035 1273 1099 in
1295 1056 1367 1100 rem
1391 1035 1493 1119 publi·

214 1166 285 1209 cam
309 1144 434 1210 meritis
454 1142 809 1228 praestantissimisque
828 1143 926 1207 rebus
945 1143 1048 1227 gestis
1072 1147 1158 1208 esset
1176 1145 1370 1207 consecutus
1391 1143 1493 1207 cuius-

215 1273 276 1334 que
300 1272 362 1337 ego
387 1251 558 1336 dignitatis
582 1250 624 1314 ab
648 1249 869 1314 adulescentia
891 1249 1014 1332 fautor,
1037 1249 1072 1313 in
1094 1253 1247 1334 praetura
1269 1253 1382 1314 autem
1406 1253 1441 1314 et
1462 1248 1494 1313 iu

215 1359 385 1423 consulatu
409 1357 540 1422 adiutor
558 1355 657 1420 ctiam
676 1356 869 1440 extitissem,
892 1377 1029 1439 cumque
1049 1355 1134 1420 idem
1152 1355 1349 1421 auctoritate
1368 1361 1405 1420 et
1424 1378 1494 1421 seu-

213 1462 319 1526 tentia
350 1485 407 1546 per
434 1484 482 1544 se,
515 1460 659 1526 consiliis
688 1467 721 1527 et
748 1462 866 1526 studiis
894 1466 1002 1527 tecum
1033 1485 1084 1527 me
1112 1462 1287 1527 adiuvisset
1319 1484 1495 1547 meumque
1508 1481 1530 1520 ιο

214 1567 382 1632 inimicum
400 1590 500 1633 unum
522 1568 557 1632 in
582 1567 714 1633 civitate
732 1568 868 1632 haberet
888 1568 1065 1654 inimicum,
1087 1591 1152 1634 non
1170 1568 1283 1654 putavi
1305 1568 1432 1634 famam
1452 1570 1497 1634 in·

214 1674 416 1739 constantiae
431 1674 511 1739 mihi
526 1675 828 1760 pertimescendam,
847 1675 874 1738 si
892 1675 1086 1761 quibusdam
1105 1677 1138 1742 in
1156 1675 1326 1740 sententiis
1344 1675 1497 1760 paullum

214 1802 264 1844 me
297 1781 509 1846 inmutassem
543 1803 712 1864 meamque
749 1781 950 1846 voluntatem
988 1783 1029 1848 ad
1061 1782 1180 1848 summi
1211 1782 1272 1846 viri
1303 1781 1344 1849 de
1376 1804 1497 1867 meque

163 1902 194 1949 ia
214 1887 336 1970 optime
365 1886 474 1952 meriti
501 1887 696 1972 dignitatem
719 1888 957 1973 adgregassem.
998 1891 1033 1954 in
1054 1890 1116 1955 hac
1144 1889 1305 1954 sententia
1332 1890 1496 1973 complec-

209 1993 325 2058 tendus
348 1998 418 2058 erat
442 1993 522 2057 mihi
548 1992 676 2076 Caesar,
699 1998 737 2056 ut
760 1992 862 2077 vides,
893 1995 927 2060 in
950 1996 1124 2061 coniuncta
1151 2001 1185 2060 et
1208 2017 1305 2059 causa
1327 1999 1362 2059 et
1386 1996 1495 2081 digni·
1510 2015 1535 2054 u·

207 2104 289 2163 tate:
317 2099 371 2165 hic
394 2100 536 2163 multum
559 2098 663 2163 valuit
687 2121 761 2163 cum
783 2105 877 2166 vetus
901 2102 1057 2186 amicitia,
1082 2124 1180 2186 quam
1202 2106 1239 2166 tu
1261 2123 1326 2167 non
1351 2101 1491 2187 ignoras

208 2205 289 2269 mihi
313 2210 345 2270 et
369 2204 489 2281 Quinto
518 2205 613 2269 fratri
642 2227 714 2270 cum
740 2203 876 2272 Caesare
904 2209 1018 2294 fuisse,
1047 2214 1117 2273 tum
1144 2208 1329 2273 humanitas
1354 2208 1427 2273 eius
1453 2231 1492 2275 ac

208 2312 390 2378 liberalitas
417 2313 509 2377 brevi
539 2315 687 2394 tempore
715 2316 749 2376 et
777 2313 897 2380 litteris
926 2320 960 2381 et
987 2315 1104 2380 officiis
1135 2320 1303 2400 perspecta
1329 2314 1430 2379 nobis
1460 2320 1496 2380 et

208 2419 354 2504 cognita,
386 2420 594 2484 vehementer
622 2417 722 2482 etiam
748 2441 800 2484 res
824 2420 897 2505 ipsa
923 2422 1055 2506 publica
1079 2444 1128 2486 me
1152 2422 1269 2506 movit,
1297 2442 1378 2505 quae
1407 2421 1495 2487 mibi

208 2524 379 2591 videbatur
402 2525 654 2607 contentionem,
677 2527 869 2609 praesertim
892 2530 1042 2594 maximis
1066 2530 1162 2595 rebus
1181 2552 1201 2594 a
1219 2526 1355 2594 Caesare
1374 2529 1495 2613 gestis,
1509 2548 1538 2587 πο

207 2651 280 2693 cum
308 2630 374 2695 illis
399 2630 477 2694 viris
501 2629 588 2693 nolle
617 2628 688 2692 fieri
715 2634 762 2713 et,
789 2654 829 2696 ne
856 2634 964 2716 ficret,
992 2636 1198 2701 vehementer
1225 2656 1388 2719 recusare,
1415 2655 1495 2719 gra·

207 2736 338 2800 vissime
362 2741 472 2800 autem
496 2757 547 2799 me
570 2735 605 2797 in
627 2734 688 2800 hac
711 2741 818 2802 merite
842 2739 974 2825 impulit
997 2747 1031 2806 et
1053 2740 1188 2827 Pompei
1209 2742 1304 2825 fides,
1326 2762 1426 2824 quam
1452 2742 1493 2807 de

207 2862 258 2904 me
283 2838 415 2905 Caesari
439 2839 580 2920 dederat,
605 2844 639 2903 et
661 2840 773 2905 fratris
798 2845 870 2927 mei,
894 2869 991 2930 quam
1009 2838 1180 2933 Pompdi03
1204 2852 1296 2913 crant
1317 2850 1494 2932 praeterea

207 2946 286 3009 haec
306 2945 591 3010 animadvertenda
613 2945 648 3008 in
671 2946 813 3033 civitate,
837 2973 918 3034 quae
943 2960 1020 3018 sunt
1042 2956 1129 3038 apud
1146 2954 1318 3020 Platonem
1335 2958 1492 3020 nostrum

207 3051 331 3134 scripta
350 3051 515 3132 divinitus,
539 3050 650 3132 quales
668 3051 704 3115 in
722 3075 756 3117 re
775 3056 906 3138 publica
923 3061 1086 3145 principes
1106 3066 1222 3146 essent,
1245 3060 1322 3125 talis
1340 3059 1490 3144 reliquos
1506 3082 1534 3121 aa

207 3156 311 3220 solere
335 3179 405 3220 csse
425 3155 520 3219 cives.
553 3155 703 3221 tenebam
722 3161 879 3226 memoria
897 3166 992 3230 nobis
1012 3168 1199 3232 consulibus
1219 3189 1257 3232 ea
1274 3165 1492 3232 fundamenta

208 3263 296 3326 iacta
318 3285 356 3326 ex
376 3262 415 3326 K.
434 3261 594 3326 Ianuariis
618 3264 829 3331 confirmandi
855 3276 995 3354 senatus,
1018 3277 1056 3336 ut
1078 3274 1241 3339 neminem
1259 3270 1372 3336 mirari
1390 3292 1489 3356 opor-

206 3373 290 3432 teret
317 3366 422 3432 Nonis
452 3367 619 3433 Decembr.
649 3374 777 3437 tantum
806 3375 857 3440 vel
885 3378 985 3443 animi
1014 3380 1114 3444 fuisse
1141 3378 1176 3443 in
1203 3379 1260 3443 illo
1293 3379 1405 3443 ordine
1432 3380 1488 3444 vel

205 3474 422 3557 auctoritatis,
444 3474 593 3558 idemque
618 3479 828 3546 memineram
850 3485 945 3548 nobis
969 3486 1107 3569 privatis
1131 3508 1233 3571 usque
1253 3486 1293 3550 ad
1312 3482 1489 3551 Caesarem

205 3584 238 3642 et
264 3580 420 3645 Bibulum
452 3582 615 3666 consules,
646 3608 720 3651 cum
749 3590 928 3655 sententiae
956 3597 1089 3658 nostrae
1123 3614 1277 3679 magnum
1304 3591 1339 3656 in
1368 3596 1488 3656 senatu
1503 3614 1531 3654 so

253 3911 258 3921 Ι
294 3849 317 3896 1.
338 3843 443 3924 cinaeis
463 3846 489 3896 Ω
509 3847 550 3913 (ia
568 3846 605 3928 M
620 3847 646 3902 ci
665 3850 716 3903 litt.
736 3869 842 3919 erilem,
865 3855 911 3908 scd
925 3861 989 3923 poet
1007 3856 1048 3908 Ρ1
1073 3858 1121 3925 qui
1140 3873 1202 3909 cum
1221 3854 1262 3909 eis
1281 3856 1345 3926 lepit
1363 3887 1396 3896 —
1415 3873 1486 3910 cuin

206 3927 274 3963 ineis
294 3914 350 3981 1’2,
373 3917 446 3967 sicut
469 3918 497 3969 et
519 3933 589 3971 meis
608 3922 639 3972 iu
664 3938 714 3990 erip.
734 3923 761 3974 P
778 3941 796 3976 α
814 3942 847 3977 m.
867 3926 903 3978 al.
924 3956 970 3991 -‚
994 3929 1026 3979 ia
1044 3928 1072 3980 R
1091 3926 1198 3981 cinneis
1217 3946 1250 3981 m.
1271 3932 1284 3978 1
1304 3944 1339 3981 ex
1362 3927 1485 3995 cinness,

205 3988 236 4032 at
254 3985 328 4051 eid).
361 3984 466 4040 Cinnae
485 3989 525 4040 vel
544 3987 677 4044 Cinnanis
690 4023 720 4030 —
731 3993 780 4047 lioc
799 3995 852 4047 ium
869 3996 1126 4052 Graevius—corii.
1143 3998 1220 4052 aasz
1237 3998 1395 4068 (Ktoiqab.
1409 4000 1485 4052 uass.

207 4050 365 4133 Morialsbl!
387 4056 432 4137 lll.
454 4063 530 4111 iaia.
547 4078 575 4128 p.
591 4066 650 4128 26),
678 4069 766 4131 estque
789 4064 901 4119 Cinneis
926 4069 1017 4133 forino
1039 4071 1121 4122 ctiam
1143 4070 1173 4123 0.
1193 4069 1380 4135 Hirschfeldi'o
1402 4069 1486 4124 valde

205 4121 291 4199 ‹liebra
309 4127 352 4193 (cle
371 4130 512 4208 Cinnamus
531 4132 620 4196 forma
638 4151 661 4187 v.
684 4134 777 4188 ‘Arcto
797 4142 817 4201 γ’.
837 4139 884 4191 lat.
900 4139 1054 4208 Lacicopr?
1075 4140 1127 4208 lp.
1145 4142 1214 4207 179),
1234 4139 1304 4194 meis
1323 4140 1372 4193 M¹
1384 4142 1395 4208 t
1409 4139 1484 4193 acci-

206 4188 336 4272 disseca
359 4198 494 4268 accipisse
514 4201 591 4271 M⁰fl
614 4211 637 4257 8.
657 4203 751 4258 fautor
771 4208 809 4274 (i,
835 4207 946 4261 fauctor
964 4210 1011 4276 M,
1034 4209 1125 4263 factor
1143 4211 1198 4278 Itlt
1220 4216 1243 4265 9.
1264 4209 1410 4264 consolatu
1430 4211 1484 4263 M*

205 4262 331 4320 extitisse
350 4269 384 4320 M
396 4272 405 4335 t
419 4286 537 4351 cumque
557 4274 593 4326 M
595 4280 617 4340 Γ,
641 4291 833 4344 quaecumque
852 4281 879 4331 a
892 4282 901 4345 ΙΙ
916 4285 957 4333 ia.
976 4280 1093 4349 paulum
1114 4282 1168 4335 GR
1182 4287 1191 4351 u
1206 4289 1246 4336 13.
1267 4297 1356 4335 meme
1375 4282 1401 4335 G
1415 4284 1425 4348 l
1438 4280 1483 4334 in·

205 4332 347 4415 putassem
360 4340 402 4418 ,M
424 4344 500 4407 (inni.
520 4345 580 4411 M1)
598 4348 608 4412 ῃ
626 4362 725 4413 meque
744 4349 791 4414 M,
815 4365 859 4403 me
879 4351 934 4404 GR
952 4355 962 4417 11
982 4357 1022 4404 14.
1043 4351 1213 4421 adgregasse
1234 4353 1270 4405 M
1273 4353 1279 4387 ¹
1299 4355 1381 4421 (sem
1401 4353 1484 4421 MC}

208 4403 246 4450 1⁴·
267 4408 295 4453 el
309 4406 428 4484 ιῼιωήο]
449 4415 478 4465 et
495 4417 600 4482 quelli
616 4419 690 4485 (quo,
710 4426 740 4472 ut
759 4421 824 4485 vid„
843 4422 910 4488 ΜΤ),
931 4425 1015 4488 atque
1031 4423 1085 4475 GR
1099 4424 1108 4489 Ε
1123 4430 1165 4477 22.
1184 4422 1258 4477 hanc
1277 4425 1398 4477 mentem
1413 4423 1483 4491 M⁰,t

130 4506 137 4519 ·
169 4522 180 4539 .
205 4480 479 4552 P0¹1¹P⁰11GRM⁰t
502 4493 543 4540 24.
564 4504 636 4554 quae
660 4492 725 4542 sunt
747 4490 822 4560 apud
845 4491 988 4560 platonem
1016 4495 1141 4546 nostrum
1160 4496 1219 4548 MG
1244 4495 1301 4562 (sed
1322 4497 1353 4547 in
1373 4494 1397 4547 (l
1418 4500 1483 4562 post

204 4539 269 4587 sunt
292 4552 357 4599 iecra
380 4557 512 4617 oiiacdom
535 4565 611 4612 errat
634 4578 701 4627 quere
725 4563 789 4627 sort.
815 4565 1050 4631 transpositionem
1074 4566 1207 4634 indicat),
1231 4582 1303 4633 quae
1327 4564 1402 4634 apud
1420 4563 1482 4633 pla·

203 4606 298 4659 ionem
322 4621 387 4669 sunt
410 4629 534 4681 nostrum
553 4630 608 4698 ΗΙΙ
630 4636 672 4685 26.
692 4630 765 4684 tales
785 4633 853 4697 GH,
877 4635 973 4702 qiialia
996 4637 1076 4689 lucela
1099 4638 1136 4690 od
1155 4637 1190 4689 M
1207 4640 1377 4704 cmitbrmata
1398 4636 1484 4705 ΜΗ

202 4677 345 4821 afflig
361 4690 393 4740 Μ
399 4698 421 4756 Γ,
448 4695 585 4753 iactatam
605 4703 650 4769 M,
679 4702 786 4755 iactata
806 4703 868 4757 GR.
901 4703 978 4758 iactu
1001 4706 1058 4759 iam
1082 4708 1180 4762 Baiter
1197 4712 1207 4776 Ιί
1231 4715 1272 4763 30,
1293 4706 1435 4761 consulem
1454 4708 1483 4760 a
