3314 5460
583 371 838 426 nns'rvcaavu
858 372 928 425 ιιιιι.
949 377 990 425 ss.
1010 377 1052 428 so.
1072 378 1114 426 ιι.
1257 344 1265 355 ’
1423 373 1489 439 373

204 556 263 599 eos
282 539 317 598 et
334 533 512 599 Alabandis
532 535 645 598 iubeas
663 534 790 599 ecdicos
810 534 948 600 Romam
967 536 1106 600 mittere.
1144 541 1313 620 praeterea
1326 537 1488 603 Philocles
1507 554 1523 602 a

207 632 445 706 Alabandensis
475 640 647 725 ὑποθήκας
674 637 789 705 Cluvio
818 642 922 706 dedit:
956 664 1011 706 eae
1045 642 1237 708 commissae
1270 647 1360 729 sunt3
1391 643 1488 709 velim

208 769 315 830 cures,
345 751 382 811 ut
409 751 467 811 aut
493 747 532 812 de
545 747 754 832 'hypothecis
783 748 917 813 decedat
945 771 1063 833 easque
1091 750 1357 833 procuratoribus
1381 748 1488 816 Cluvii
1612 752 1630 783 '

208 854 317 918 tradat
339 857 398 918 aut
424 853 594 938 pecuniam
623 854 744 938 solvat,
774 858 942 939 praeberes
969 855 1181 920 Heracleotae
1211 860 1244 921 et
1272 856 1487 942 Bargylietae,

188 960 264 1043 aqui
281 960 363 1024 item
376 959 503 1042 debent,
521 963 578 1024 aut
592 960 763 1044 pecuniam
779 962 909 1026 solvant
922 966 979 1026 aut
998 963 1159 1027 fructibus
1174 963 1242 1027 suis
1258 964 1338 1029 satis
1356 963 1488 1029 faciant.

209 1064 323 1131 Caunii
345 1069 516 1150 praeterea
534 1066 663 1152 debent,
686 1067 742 1131 sed
762 1067 854 1131 aiunt
872 1090 906 1132 se
925 1068 1108 1152 depositam
1131 1071 1302 1154 pecuniam
1319 1069 1486 1133 habuisse:
1506 1085 1522 1134 3

211 1173 242 1236 id
263 1172 362 1237 velim
385 1193 563 1258 cognoscas
588 1177 631 1256 et,
654 1173 683 1238 si
707 1173 906 1240 intellexeris
930 1197 986 1240 eos
1008 1161 1112 1259 neque
1137 1199 1176 1241 ex
1199 1176 1304 1242 edicto
1323 1197 1428 1260 neque
1448 1198 1487 1240 ex

210 1280 336 1345 decreto
360 1279 542 1363 depositam
565 1280 728 1364 habuisse,
752 1281 808 1345 des
832 1304 973 1366 operam,
996 1288 1034 1346 ut
1057 1305 1173 1347 usurae
1197 1280 1310 1347 Cluvio
1334 1282 1486 1347 instituto

211 1390 265 1450 tuo
289 1390 529 1450 conserventur.
570 1385 622 1450 bis
646 1386 684 1450 de
708 1386 805 1450 rebus
829 1407 867 1450 eo
891 1387 996 1472 magis
1026 1388 1153 1472 laboro,
1185 1389 1271 1472 quod
1299 1387 1408 1472 agitur
1435 1409 1486 1452 res

168 1512 197 1550 ιο
213 1490 265 1556 Cn.
283 1490 418 1576 Pompei
442 1492 555 1573 etiam,
583 1491 689 1556 nostri
716 1492 903 1576 necessarii,
931 1497 964 1557 et
993 1494 1129 1578 quodie
1154 1494 1259 1580 magis
1283 1492 1382 1558 etiam
1405 1493 1485 1558 mihi

212 1598 356 1662 laborare
380 1597 507 1663 videtur
532 1621 629 1682 quam
653 1599 722 1684 ipse
747 1595 893 1682 Cluvius,
922 1599 974 1663 cui
1003 1599 1230 1664 satisfactum
1254 1621 1323 1664 esse
1348 1600 1484 1665 anobis

212 1703 299 1768 ualde
322 1704 406 1769 volo.
447 1703 499 1768 his
527 1705 565 1769 de
593 1704 691 1769 rebus
719 1709 752 1769 te
779 1701 987 1771 vehementer
1015 1707 1114 1771 etiam
1143 1710 1240 1791 atque
1268 1706 1368 1771 etiam
1394 1728 1484 1792 rogo.

721 1923 831 2001 auu
858 1932 963 2023 (ιιι.)

544 2093 706 2161 oroneo
730 2093 916 2160 canuno
939 2094 1093 2166 puceu.
1117 2093 1148 2160 s

124 2269 179 2309 ¹⁵
296 2254 368 2331 Quo
392 2254 498 2340 magis
522 2253 640 2320 cotidie
664 2276 703 2319 ex
725 2254 846 2319 litteris
869 2255 1057 2340 nuntiisque
1081 2256 1204 2321 bellum
1230 2276 1384 2341 magnum
1413 2278 1483 2322 esse
1504 2271 1516 2318 1

213 2364 244 2427 in
270 2362 364 2447 Syria
392 2368 567 2448 ctgnosco,
595 2383 633 2426 eo
661 2360 884 2426 vehementius
913 2383 932 2425 a
959 2366 992 2426 te
1019 2384 1079 2446 pro
1106 2366 1220 2428 nostra
1247 2362 1483 2427 necessitudine

213 2471 385 2553 contendo,
408 2473 445 2533 ut
467 2467 548 2532 mihi
571 2467 615 2532 M.
633 2467 796 2532 Anneium
818 2469 965 2553 legatum
987 2469 1094 2553 primo
1118 2490 1245 2553 quoque
1268 2473 1414 2553 tempore
1437 2491 1483 2533 re

212 2578 335 2659 mittas,
359 2598 436 2660 nam
460 2575 529 2640 eius
553 2597 667 2659 opera,
690 2574 840 2658 consilio,
864 2575 1000 2640 scientia
1023 2574 1071 2639 rei
1093 2574 1246 2639 militaris
1270 2575 1320 2639 vel
1344 2574 1483 2640 maxime

212 2683 363 2768 intellego
392 2704 443 2747 me
471 2686 505 2745 et
533 2703 602 2745 rem
629 2703 659 2764 p.
687 2681 832 2745 adiuvari
859 2703 964 2765 posse.
1009 2681 1094 2765 qnod
1124 2681 1188 2745 nisi
1215 2685 1309 2745 tanta
1334 2703 1386 2745 res
1414 2682 1482 2746 eius

124 2794 185 2841 ²0
212 2794 368 2876 ageretur,
391 2810 450 2853 nec
473 2788 543 2872 ipse
567 2787 681 2852 adduci
704 2788 874 2872 potuisset,
897 2792 935 2851 ut
958 2811 977 2851 a
1000 2809 1051 2851 me
1075 2787 1262 2872 discederet,
1287 2809 1389 2871 neque
1413 2807 1483 2872 ego,

212 2902 247 2961 ut
269 2919 343 2961 eum
366 2917 387 2959 a
407 2916 459 2958 me
482 2893 688 2958 dimitterem.
731 2913 791 2978 ego
815 2894 849 2957 in
868 2890 1016 2958 Ciliciam
1038 2893 1201 2978 proficisci
1224 2894 1334 2978 cogito
1354 2893 1484 2958 circiter

211 3003 248 3069 K
266 3002 356 3067 Mai:
386 3006 462 3066 ante
485 3023 557 3066 eam
584 3000 669 3065 diem
692 2998 735 3064 M.
754 3000 899 3065 Anneius
929 3000 970 3065 nd
997 3022 1048 3065 me
1076 3001 1186 3065 redeat
1213 3003 1351 3083 oportet.
1393 2999 1519 3084 illude

211 3109 295 3195 quod
318 3113 428 3173 tecum
450 3112 484 3172 et
507 3129 617 3173 coram
640 3111 673 3172 et
696 3130 754 3192 per
776 3107 905 3172 litteras
928 3106 1177 3192 diligentissime
1201 3106 1262 3190 egi,
1287 3106 1319 3169 id
1344 3108 1377 3170 et
1398 3128 1484 3171 nunc

210 3218 307 3282 etiam
330 3220 430 3300 atquc
454 3215 554 3279 etiam
581 3235 662 3299 rogo
668 3266 677 3298 ,
705 3235 799 3278 curae
828 3211 889 3277 tibi
917 3213 973 3296 sit,
1002 3217 1040 3278 ut
1068 3235 1162 3278 suum
1188 3213 1370 3298 negotium,
1398 3213 1484 3296 quod

160 3325 310 3389 sehabet
327 3345 402 3388 cum
421 3322 541 3406 populo
562 3319 729 3405 SardianO,
747 3343 807 3405 pro
827 3342 941 3384 causae
960 3321 1098 3385 veritate
1117 3322 1151 3383 et
1168 3341 1227 3403 pro
1247 3342 1306 3384 sua
1325 3320 1484 3405 dignitate

211 3431 370 3497 conficiat
411 3427 558 3493 intellexi
577 3450 617 3492 ex
635 3431 692 3491 tua
711 3427 867 3510 oratione,
891 3449 965 3492 cum
985 3431 1094 3492 tecum
1112 3425 1236 3510 Ephesi
1254 3426 1382 3490 locutus
1403 3448 1484 3507 sum,

210 3543 241 3602 te
259 3537 363 3622 ipsius
384 3534 427 3599 M.
442 3535 549 3600 Annei
568 3556 666 3599 causa
684 3533 793 3598 omnia
812 3534 907 3618 velle,
926 3534 982 3598 sed
1001 3537 1111 3597 tamen
1129 3533 1176 3597 sio
1194 3532 1292 3597 velim
1309 3530 1483 3615 existimes,
1505 3576 1506 3579 ,

210 3650 241 3709 te
265 3643 347 3708 mihi
369 3641 452 3707 nibil
476 3641 602 3727 gratius
626 3640 731 3706 facere
754 3661 850 3724 posse
875 3662 972 3723 quam
996 3639 1024 3703 si
1048 3640 1237 3705 intellexero
1261 3660 1319 3722 per
1338 3642 1371 3701 te
1390 3637 1483 3702 illum

210 3752 316 3835 ipsum
343 3748 512 3834 negotium
540 3770 580 3812 ex
608 3745 770 3811 sententia
797 3746 987 3830 confecisse,
1018 3745 1115 3829 idque
1148 3766 1246 3829 quam
1277 3743 1418 3827 primum
1446 3748 1484 3807 ut

177 3857 332 3923 aeffioias
356 3862 390 3920 te
413 3855 512 3920 etiam
535 3859 632 3939 atque
656 3853 755 3918 etiam
779 3875 869 3938 rogo.

209 3982 420 3992 —.-——-—-

298 4055 322 4103 1.
338 4046 514 4119 Ἀλαβανδεῖς
530 4047 615 4101 Orelli
627 4049 637 4115 ΙΙ
650 4045 789 4099 Philocles
806 4045 900 4111 Orelli,
912 4043 1049 4114 philoeies
1063 4044 1136 4112 ΜΗ,
1155 4042 1289 4112 philoties
1303 4044 1339 4098 D.
1359 4043 1484 4097 Philotos

208 4122 259 4176 alii
281 4124 291 4190 l
314 4126 339 4174 2.
358 4135 408 4172 ece
428 4119 473 4186 M,
497 4117 568 4172 haec
583 4117 625 4184 H,
648 4116 700 4171 hee
716 4116 747 4170 D
769 4119 777 4184 ll
800 4123 824 4169 4.
844 4115 1023 4185 Bargylietae
1044 4117 1164 4181 Ernesti,
1187 4114 1352 4183 bargyletee
1371 4114 1483 4184 (bargil.

209 4192 280 4259 HD)
297 4195 327 4245 Ψ
338 4193 348 4260 ΙΙ
362 4195 386 4244 5.
402 4189 471 4243 item
483 4190 525 4257 M,
539 4188 615 4242 idem
625 4188 685 4241 HD
698 4192 707 4255 [Ι
723 4194 764 4241 10.
779 4187 867 4241 nostri
882 4187 968 4241 etiam
979 4188 1012 4240 H
1023 4191 1032 4257 ll
1046 4187 1070 4240 is
1082 4188 1118 4254 D,
1134 4185 1178 4240 bis
1187 4187 1256 4239 ΜΗ
1267 4190 1275 4256 Ι]
1291 4191 1331 4239 16.
1347 4202 1484 4254 cognosco

209 4280 241 4317 eo
259 4263 299 4330 H,
318 4276 456 4331 cognosco
475 4262 504 4314 et
522 4260 563 4324 D,
587 4275 723 4328 cognosco
743 4260 772 4310 et
789 4258 982 4313 uehementius
1002 4275 1019 4311 a
1037 4261 1066 4312 te
1084 4275 1135 4327 pro
1159 4260 1257 4311 nostra
1278 4255 1484 4311 necessitudine

209 4348 346 4405 cognosco
369 4334 399 4386 et
417 4332 454 4385 M
473 4333 514 4402 (et
530 4329 906 4398 uehementius—cognosco
925 4331 1039 4384 inducta
1058 4349 1075 4383 a
1093 4330 1153 4397 Μ’)
1174 4329 1183 4396 ΙΙ
1208 4334 1248 4382 17.
1268 4346 1303 4384 m.
1324 4327 1485 4381 marineium

209 4403 360 4474 (maireium
368 4404 408 4472 D)
420 4404 466 4473 ΨΗ
477 4408 517 4455 18.
529 4419 571 4471 op.
584 4404 612 4454 et
622 4400 738 4455 consilio
749 4401 783 4453 H
789 4413 797 4469 l,
811 4407 852 4454 22.
864 4402 959 4471 antesl,
972 4407 985 4452 1
995 4403 1046 4455 titt.
1057 4418 1124 4454 erae.
1135 4408 1183 4455 ete
1194 4417 1228 4453 ea
1237 4417 1315 4466 corr,
1324 4406 1355 4453 at
1362 4401 1426 4465 vid,
1435 4400 1473 4452 M
1476 4400 1484 4465 t

208 4476 246 4530 M.
261 4473 399 4545 Anneius]
416 4473 563 4527 manneius
578 4473 646 4538 HD,
666 4472 803 4525 nanneius
817 4474 854 4525 M
864 4475 929 4539 1123.
950 4472 995 4541 egi
1010 4471 1040 4525 id
1054 4473 1083 4525 et
1099 4474 1133 4525 Ψ.
1163 4469 1216 4539 egi,
1235 4469 1266 4523 id
1280 4472 1308 4523 te
1322 4470 1485 4537 Lambinus,

208 4546 263 4617 egi,
280 4549 311 4600 te
329 4546 429 4600 Baiter
442 4548 452 4614 fl
465 4550 507 4598 24.
527 4560 594 4613 rogo
614 4544 656 4610 M,
674 4546 703 4596 te
722 4560 790 4612 rogo
805 4544 872 4598 HD.
906 4545 940 4608 cf.
956 4544 1099 4597 Lehmann
1113 4561 1141 4610 p.
1159 4544 1269 4609 161127.
1290 4559 1326 4596 m.
1344 4540 1428 4593 aunei
1443 4540 1484 4608 M,

207 4636 243 4672 m.
259 4616 372 4671 mancei
392 4616 435 4684 H,
458 4633 494 4670 m.
514 4614 638 4668 manneii
655 4615 685 4668 D
712 4618 720 4681 ΙΙ
748 4620 789 4668 28.
809 4613 879 4667 mihi
897 4613 969 4667 nihil
987 4632 1020 4668 ea
1038 4611 1110 4665 nihil
1128 4611 1198 4665 mihi
1216 4613 1267 4667 Μο
1293 4616 1303 4682 fl
1330 4616 1372 4666 29.
1392 4611 1484 4682 ipsum

206 4695 304 4746 centra
321 4688 506 4759 Wesenberpii
524 4703 604 4739 suum
622 4693 691 4741 recte
709 4686 830 4752 defendit
848 4686 992 4742 Lclrnsaaa
1009 4687 1050 4756 (p.
1066 4687 1112 4753 35)
