3286 5460
617 397 874 452 EPISTVLARVM
892 399 938 454 lx.
958 405 982 454 s.
1003 405 1027 453 a.
1397 398 1461 463 219

184 561 270 645 apud
289 565 321 624 te
341 559 459 626 omnia.
497 560 559 625 etsi
578 561 668 625 nullo
693 565 838 646 tempore
858 562 891 626 in
911 561 1127 646 suspicionem
1151 564 1213 628 tibi
1237 563 1333 628 debui
1353 564 1462 628 venire

184 667 328 751 partium
347 689 445 733 causa
463 668 573 752 potius
594 690 692 752 quam
716 672 773 732 tua
796 668 857 733 tibi
881 670 1024 754 suadere,
1047 673 1085 734 ut
1104 675 1135 734 te
1156 675 1213 736 aut
1232 693 1306 736 cum
1324 668 1462 734 Caesare

185 774 420 858 nobiscumque
454 775 665 861 coniungeres
700 777 757 839 aut
787 778 873 839 certe
904 775 937 839 in
969 777 1073 841 otium
1105 776 1258 860 referres,
1290 776 1462 861 praecipue

185 903 269 946 nunc
302 881 367 945 iarn
401 880 556 946 inclinata
589 881 729 947 victorie
758 904 798 946 ne
830 904 964 966 possum
1002 883 1132 966 quidem
1164 883 1198 948 in
1230 884 1330 948 ullam
1363 883 1462 948 aliam

157 987 325 1053 sincidere
349 988 536 1073 opinionem
560 989 622 1052 nisi
647 989 680 1053 in
703 1011 784 1071 eam,
810 989 843 1052 in
867 1011 932 1072 qua
955 989 1080 1055 scilicet
1102 990 1164 1055 tibi
1188 992 1320 1055 suadere
1346 992 1462 1074 videar,

186 1094 272 1178 quod
294 1094 347 1180 pie
370 1100 478 1160 tacere
497 1118 564 1160 non
581 1095 719 1180 possim;
743 1100 779 1160 tu
798 1101 917 1179 autam,
941 1096 985 1160 mi
1005 1094 1127 1179 Cicero,
1150 1097 1197 1163 sic
1216 1098 1296 1163 haec
1315 1098 1462 1182 accipies,

186 1205 237 1283 ut,
264 1201 332 1266 sive
359 1203 586 1287 probabuntur
615 1202 676 1267 tibi
704 1202 771 1266 sive
793 1225 860 1267 non
884 1203 1123 1287 probabuntur,
1152 1204 1193 1268 ab
1222 1205 1346 1289 optimo
1375 1208 1462 1270 certe

186 1307 294 1373 animo
332 1331 370 1374 ac
407 1309 610 1374 deditissimo
648 1309 710 1373 tibi
747 1315 780 1374 et
817 1310 962 1396 cogitata
995 1315 1028 1374 et
1065 1311 1188 1394 scripta
1225 1334 1294 1376 esse
1331 1312 1462 1376 iudices.

187 1415 416 1480 animadvertis
440 1416 497 1483 Cn.
520 1416 713 1502 Pompeium
740 1439 799 1481 nec
826 1417 968 1481 nominis
997 1417 1046 1481 sui
1074 1440 1133 1482 nec
1163 1439 1272 1482 rerum
1295 1423 1497 1504 gestarum‘r

146 1548 174 1584 ro
187 1522 293 1608 gloria
319 1544 423 1608 neque
451 1523 550 1588 etiam
580 1544 693 1608 regum
723 1545 760 1588 ac
787 1524 956 1588 nationum
986 1524 1159 1609 clientelis,
1191 1549 1270 1610 quas
1299 1529 1463 1590 ostentare

188 1630 300 1694 crebro
325 1630 466 1715 solebat,
489 1652 559 1695 esse
583 1634 704 1713 tutum,
728 1635 762 1694 et
784 1630 846 1696 hoc
870 1631 983 1715 etiam,
1007 1632 1094 1715 quod
1117 1632 1228 1697 infimo
1253 1633 1368 1717 cuique
1392 1656 1464 1698 con·

189 1734 279 1822 tigit,
307 1735 355 1800 illi
381 1758 446 1802 non
475 1759 570 1820 possa
599 1736 800 1823 contingere,
831 1741 868 1800 ut
890 1737 1026 1802 honeste
1054 1738 1195 1824 effugere
1222 1739 1341 1824 possit,
1368 1739 1463 1823 pulso
1496 1810 1512 1836 ⁴

189 1840 301 1928 ltalia,
335 1842 465 1908 amissis
495 1843 681 1929 Hispaniis,
714 1849 809 1929 capto
843 1844 986 1909 exercitu
1018 1849 1186 1928 veterano,
1219 1845 1463 1911 circumvallato

187 1973 272 2015 nunc
301 1950 452 2034 denique,
480 1951 566 2035 quod
594 1952 703 2016 nescio
732 1974 773 2015 an
801 1950 883 2015 nulli
911 1973 1065 2035 umquam
1093 1956 1205 2018 nostro
1230 1952 1464 2017 acciderit·im-

150 2057 340 2141 inperatori.
387 2059 607 2141 quamobrem,
630 2058 708 2142 quid
731 2061 789 2122 aut
811 2057 867 2121 ille
891 2080 1021 2142 sperare
1045 2060 1150 2144 possit
1173 2063 1231 2123 aut
1253 2063 1299 2140 tu,
1321 2059 1464 2122 animum

190 2162 318 2229 adverte
342 2186 401 2249 pro
425 2169 482 2229 tua
500 2165 685 2252 prudentia3
709 2165 755 2229 sic
774 2166 860 2231 enim
878 2164 1043 2250 facillime,
1066 2165 1152 2249 quod
1172 2165 1233 2229 tihi
1253 2164 1464 2229 utilissimum

190 2271 251 2334 erit
274 2270 413 2356 consilii,
438 2271 553 2356 capies.
600 2271 680 2336 illud
704 2276 813 2336 autern
837 2276 869 2336 te
893 2276 984 2356 peto,
1007 2275 1054 2356 ut,
1076 2272 1105 2336 si
1128 2272 1193 2335 iarn
1216 2270 1272 2335 ille
1296 2271 1466 2335 evitaverit

166 2377 250 2453 ,hoc
278 2377 460 2461 periculum
487 2382 520 2442 et
548 2400 582 2442 se
610 2378 770 2442 abdiderit
797 2377 832 2441 in
860 2377 1009 2461 classem,
1037 2382 1072 2442 tu
1101 2378 1165 2442 tuis
1190 2379 1287 2443 rebus
1317 2377 1466 2443 consulas

191 2489 223 2548 et
246 2484 420 2569 aliquando
448 2484 510 2550 tibi
538 2485 648 2570 potius
678 2506 775 2569 quam
803 2484 905 2548 cuivis
929 2485 974 2548 sis
999 2485 1135 2549 amicus:
1166 2483 1394 2550 satisfactum
1418 2486 1468 2548 est

152 2614 177 2652 a
190 2591 254 2655 ianr
279 2613 298 2655 a
321 2595 354 2655 te
377 2592 428 2656 vel
453 2590 560 2657 officio
591 2592 640 2656 vel
667 2590 900 2675 familiaritati,
932 2592 1011 2655 satis
1040 2591 1163 2656 factum
1191 2591 1291 2655 etiam
1319 2591 1467 2675 partibus

191 2702 223 2762 et
246 2698 276 2761 ei
299 2697 345 2762 rei
369 2721 409 2782 p.,
438 2720 534 2784 quarn
557 2704 594 2763 tu
618 2699 787 2782 probabas.
835 2698 969 2763 relicum
993 2702 1055 2782 est,
1086 2698 1142 2762 ubi
1170 2720 1254 2763 nunc
1278 2702 1329 2761 est
1353 2720 1403 2762 res
1427 2721 1466 2782 p.,
1486 2717 1502 2763 3

190 2803 235 2868 ibi
264 2805 366 2869 simus
393 2805 516 2889 potius,
549 2827 659 2889 quarn,
692 2805 768 2868 dum
796 2804 887 2868 illam
916 2809 1057 2869 veterem
1086 2826 1272 2888 sequamur,
1303 2804 1404 2868 simus
1434 2805 1467 2869 in

191 2911 288 2975 nulla.
343 2933 442 2996 quare
474 2911 586 2995 velim,
619 2912 664 2975 mi
697 2911 926 2976 iucundissime
958 2909 1085 2993 Oicero,
1117 2911 1145 2975 si
1178 2911 1262 2975 forte
1294 2910 1467 2995 Pompeius

192 3018 304 3102 pulsus
327 3019 380 3083 his
405 3040 532 3104 quoque
556 3019 637 3084 locis
660 3041 755 3083 rusus
779 3018 859 3083 alias
887 3018 1037 3105 regiones
1059 3023 1169 3103 petere
1193 3022 1343 3103 cogatur,
1371 3018 1408 3083 ut
1431 3022 1468 3083 tu

146 3147 180 3186 se
193 3129 225 3190 te
248 3125 298 3188 vel
322 3125 468 3191 Athenas
492 3126 543 3190 vel
567 3126 599 3190 in
624 3126 774 3210 quamvis
798 3126 942 3210 quietam
966 3125 1104 3210 recipias
1128 3124 1307 3208 civitatem3
1331 3125 1416 3208 quod
1440 3125 1468 3189 si

193 3231 255 3296 eris
280 3232 438 3313 facturus,
462 3233 559 3297 velim
584 3233 665 3297 mihi
689 3233 827 3315 scribas,
851 3236 887 3296 ut
910 3252 985 3318 eg0,
1009 3232 1037 3296 si
1061 3232 1127 3296 ullo
1152 3231 1247 3296 modo
1270 3235 1399 3315 potero,
1429 3232 1468 3296 ad

194 3341 225 3401 te
257 3338 413 3403 advolem.
467 3360 688 3422 quaecumque
721 3339 759 3402 de
791 3344 849 3403 tua
881 3338 1040 3422 dignitate
1073 3339 1114 3402 ab
1147 3339 1342 3421 imperatore
1375 3342 1469 3403 erunt

195 3444 410 3530 impetranda,
434 3469 497 3531 qua
520 3451 571 3510 est
593 3446 797 3510 humanitate
821 3444 955 3527 Caesar,
978 3444 1169 3510 facillimum
1194 3445 1256 3509 erit
1280 3445 1321 3508 ab
1345 3467 1383 3508 eo
1407 3444 1469 3508 tibi

195 3551 255 3635 ipsi
289 3552 477 3637 impetrare,
510 3557 543 3617 et
574 3575 661 3617 meas
693 3558 804 3617 tamen
835 3574 947 3638 preces
977 3553 1061 3635 apud
1095 3573 1168 3615 cum
1200 3573 1265 3615 non
1298 3550 1466 3614 minimum

152 3659 402 3723 seauctoritatis
430 3659 600 3724 habituras
628 3663 718 3744 puto.
764 3659 826 3724 erit
849 3664 924 3723 tuae
949 3680 1077 3742 quoque
1101 3658 1175 3722 fidei
1199 3660 1232 3721 et
1254 3656 1469 3720 humanitatis

196 3786 316 3850 curare,
338 3770 377 3831 ut
400 3766 428 3830 is
452 3766 657 3850 tabellarius,
681 3788 777 3850 quem
801 3766 841 3830 ad
865 3770 898 3830 te
922 3764 1008 3851 misi,
1031 3765 1149 3830 reverti
1171 3764 1276 3849 possit
1301 3763 1340 3826 ad
1364 3785 1414 3827 me
1439 3771 1471 3827 et

197 3876 268 3937 ate
293 3872 373 3937 mihi
397 3872 525 3938 litteras
550 3873 677 3938 referat.

285 4070 309 4120 4.
329 4066 479 4120 nunciam
498 4064 562 4120 incl.
583 4066 650 4121 uict.
669 4066 715 4134 M,
739 4083 802 4119 cum
825 4064 883 4119 iarn
907 4063 971 4119 incl.
996 4063 1034 4118 sit
1056 4063 1122 4119 uict.
1143 4063 1204 4119 HD
1230 4065 1242 4143 l
1267 4070 1291 4117 ὁ.
1311 4061 1471 4143 opinionem

200 4134 320 4191 incidere
339 4138 401 4192 HD
423 4141 432 4207 ΙΙ
455 4137 575 4208 inqua]
600 4155 657 4206 qua
676 4139 846 4207 Wesenberg,
869 4144 938 4191 recte
956 4143 1026 4205 preto
1053 4138 1063 4204 l
1090 4134 1199 4188 scilicet
1220 4133 1274 4187 trbi
1294 4134 1337 4201 H,
1364 4133 1472 4187 scrhcet

200 4244 226 4296 te
243 4243 297 4296 tibi
316 4244 362 4312 M,
389 4212 496 4298 siwtibi
515 4246 545 4299 D
566 4248 575 4314 fl
599 4250 622 4299 6.
643 4262 756 4314 possum
775 4245 804 4297 D
826 4246 835 4313 ΙΙ
859 4249 883 4298 9.
903 4242 1110 4296 animaduertes
1130 4242 1164 4294 H
1183 4243 1192 4310 {l
1217 4246 1257 4295 10.
1276 4240 1396 4311 gloriam
1417 4241 1453 4293 Μ

202 4315 496 4386 11.1a.contingits
522 4319 532 4385 ll
561 4322 600 4369 13.
622 4316 731 4370 italiam
756 4314 895 4368 ommissis
915 4315 951 4367 M
974 4317 983 4382 l
1010 4312 1137 4382 hispanis
1157 4312 1218 4367 HD
1245 4314 1254 4379 l
1282 4316 1323 4366 14.
1340 4311 1471 4381 denique]

202 4385 321 4454 undique
341 4387 495 4443 Lambinus
508 4391 517 4456 ΙΙ
531 4387 602 4440 nulli
617 4389 654 4440 M
656 4432 663 4455 ,
682 4386 734 4440 ulli
754 4385 815 4440 HD
828 4389 837 4454 ΙΙ
852 4390 893 4440 15.
913 4388 944 4439 tu
963 4403 996 4439 cn
1015 4387 1074 4437 tum
1093 4385 1214 4439 radendo
1235 4383 1271 4436 M
1282 4386 1291 4452 11
1307 4387 1400 4437 16.1v.
1416 4381 1471 4435 uti·

202 4454 344 4511 lissimerit
361 4458 399 4512 M
408 4461 418 4528 l
440 4465 480 4514 17,
499 4462 527 4513 tc
546 4459 625 4528 peto]
645 4475 663 4512 a
680 4461 708 4511 te
728 4460 793 4526 peto
813 4474 837 4514 ς.
866 4460 901 4517 cs.
921 4457 1042 4512 Scbmalz
1057 4475 1086 4525 p.
1102 4461 1152 4508 133
1170 4457 1180 4523 ΙΙ
1199 4460 1241 4508 21.
1257 4456 1286 4507 et
1304 4453 1330 4507 ei
1350 4471 1399 4507 ora.
1420 4453 1451 4506 H
1471 4457 1473 4511 ἶ

202 4527 246 4580 ubi
267 4532 308 4598 Ψ,
331 4529 404 4601 (ut)
422 4529 472 4584 ubi
491 4549 515 4589 ς.
548 4533 583 4597 cs.
602 4530 724 4585 Sobmalz
743 4531 760 4582 l.
779 4546 801 4583 c.
828 4531 838 4597 ΙΙ
865 4534 907 4582 22.
928 4527 1069 4596 sequimur
1087 4528 1139 4580 alii
1165 4528 1175 4594 ll
1202 4530 1243 4579 23.
1263 4541 1398 4594 pompeus
1418 4524 1454 4576 M
1463 4472 1474 4594 ll

202 4637 241 4755 {t
260 4619 344 4762 miii)
362 4636 421 4705 111¹,
448 4644 479 4691 at
501 4639 555 4693 vid.
583 4639 593 4706 ΙΙ
620 4653 714 4690 rursus
734 4636 795 4689 HD
821 4637 831 4702 ΙΙ
858 4636 975 4703 cogatur
998 4651 1031 4687 ex
1054 4634 1170 4702 cogetur
1189 4632 1237 4684 Mc
1264 4634 1273 4699 ll
1301 4637 1343 4685 30.
1363 4647 1473 4699 quoque

213 4721 263 4760 uae
