<?xml version="1.0" encoding="UTF-8"?>
<!DOCTYPE html PUBLIC "-//W3C//DTD XHTML 1.0 Transitional//EN"
    "http://www.w3.org/TR/xhtml1/DTD/xhtml1-transitional.dtd">
<html xmlns="http://www.w3.org/1999/xhtml" xml:lang="en" lang="en">
 <head>
  <title>
</title>
<meta http-equiv="Content-Type" content="text/html;charset=utf-8" />
  <meta name='ocr-system' content='tesseract 3.04.00' />
  <meta name='ocr-capabilities' content='ocr_page ocr_carea ocr_par ocr_line ocrx_word'/>
</head>
<body>
  <div class='ocr_page' id='page_1' title='image "./mtulliciceronis00koergoog_0350.png"; bbox 0 0 3286 5460; ppageno 0'>
   <div class='ocr_carea' id='block_1_1' title="bbox 551 369 1469 437">
    <p class='ocr_par' dir='ltr' id='par_1_1' title="bbox 551 369 1469 437">
     <span class='ocr_line' id='line_1_1' title="bbox 551 369 1469 437; baseline 0.015 -14"><span class='ocrx_word' id='word_1_1' title='bbox 551 369 807 424; x_wconf 70' lang='lat' dir='ltr'><strong>spisu&#39;vmuvu</strong></span> <span class='ocrx_word' id='word_1_2' title='bbox 825 371 884 426; x_wconf 79' lang='grc' dir='ltr'><strong>ΧΠ.</strong></span> <span class='ocrx_word' id='word_1_3' title='bbox 904 376 929 426; x_wconf 81' lang='lat' dir='ltr'><strong>e.</strong></span> <span class='ocrx_word' id='word_1_4' title='bbox 949 376 972 426; x_wconf 88' lang='lat' dir='ltr'><strong>e.</strong></span> <span class='ocrx_word' id='word_1_5' title='bbox 993 377 1016 427; x_wconf 77' lang='lat' dir='ltr'><strong>a.</strong></span> <span class='ocrx_word' id='word_1_6' title='bbox 1037 377 1062 429; x_wconf 83' lang='lat' dir='ltr'><strong>a.</strong></span> <span class='ocrx_word' id='word_1_7' title='bbox 1082 377 1105 426; x_wconf 85' lang='lat' dir='ltr'><strong>e.</strong></span> <span class='ocrx_word' id='word_1_8' title='bbox 1407 372 1469 437; x_wconf 84' lang='lat'><strong>311</strong></span> 
     </span>
    </p>
   </div>
   <div class='ocr_carea' id='block_1_2' title="bbox 170 536 1471 1152">
    <p class='ocr_par' dir='ltr' id='par_1_2' title="bbox 195 536 1471 941">
     <span class='ocr_line' id='line_1_2' title="bbox 195 536 1471 621; baseline 0.002 -23"><span class='ocrx_word' id='word_1_9' title='bbox 195 556 262 599; x_wconf 89' lang='lat' dir='ltr'><strong>non</strong></span> <span class='ocrx_word' id='word_1_10' title='bbox 280 538 486 620; x_wconf 76' lang='lat' dir='ltr'><strong>exspectasse</strong></span> <span class='ocrx_word' id='word_1_11' title='bbox 504 557 564 599; x_wconf 91' lang='lat' dir='ltr'><strong>nec</strong></span> <span class='ocrx_word' id='word_1_12' title='bbox 584 538 847 620; x_wconf 86' lang='lat' dir='ltr'><strong>exspectaturum</strong></span> <span class='ocrx_word' id='word_1_13' title='bbox 867 536 997 602; x_wconf 88' lang='lat' dir='ltr'><strong>decreta</strong></span> <span class='ocrx_word' id='word_1_14' title='bbox 1014 539 1137 621; x_wconf 87' lang='lat' dir='ltr'><strong>nostra,</strong></span> <span class='ocrx_word' id='word_1_15' title='bbox 1160 536 1215 601; x_wconf 89' lang='lat' dir='ltr'><strong>sed</strong></span> <span class='ocrx_word' id='word_1_16' title='bbox 1236 540 1268 601; x_wconf 90' lang='lat' dir='ltr'><strong>te</strong></span> <span class='ocrx_word' id='word_1_17' title='bbox 1288 536 1395 620; x_wconf 89' lang='lat' dir='ltr'><strong>ipsum</strong></span> <span class='ocrx_word' id='word_1_18' title='bbox 1414 540 1471 601; x_wconf 93' lang='lat' dir='ltr'><strong>tuo</strong></span> 
     </span>
     <span class='ocr_line' id='line_1_3' title="bbox 195 641 1470 728; baseline 0.002 -23"><span class='ocrx_word' id='word_1_19' title='bbox 195 663 286 706; x_wconf 89' lang='lat' dir='ltr'><strong>more</strong></span> <span class='ocrx_word' id='word_1_20' title='bbox 310 663 379 706; x_wconf 88' lang='lat' dir='ltr'><strong>rem</strong></span> <span class='ocrx_word' id='word_1_21' title='bbox 401 665 432 725; x_wconf 89' lang='lat' dir='ltr'><strong>p.</strong></span> <span class='ocrx_word' id='word_1_22' title='bbox 455 641 671 707; x_wconf 87' lang='lat' dir='ltr'><strong>defensurum.</strong></span> <span class='ocrx_word' id='word_1_23' title='bbox 705 646 747 726; x_wconf 89' lang='lat' dir='ltr'><strong>et,</strong></span> <span class='ocrx_word' id='word_1_24' title='bbox 771 664 968 728; x_wconf 89' lang='lat' dir='ltr'><strong>quamquam</strong></span> <span class='ocrx_word' id='word_1_25' title='bbox 990 642 1152 707; x_wconf 88' lang='lat' dir='ltr'><strong>nihildum</strong></span> <span class='ocrx_word' id='word_1_26' title='bbox 1176 642 1389 728; x_wconf 77' lang='lat' dir='ltr'><strong>audieramus,</strong></span> <span class='ocrx_word' id='word_1_27' title='bbox 1411 665 1470 708; x_wconf 89' lang='lat' dir='ltr'><strong>nec</strong></span> 
     </span>
     <span class='ocr_line' id='line_1_4' title="bbox 195 748 1471 835; baseline 0.002 -24"><span class='ocrx_word' id='word_1_28' title='bbox 195 748 252 812; x_wconf 90' lang='lat' dir='ltr'><strong>ubi</strong></span> <span class='ocrx_word' id='word_1_29' title='bbox 280 769 367 813; x_wconf 88' lang='lat' dir='ltr'><strong>esses</strong></span> <span class='ocrx_word' id='word_1_30' title='bbox 394 770 454 813; x_wconf 90' lang='lat' dir='ltr'><strong>nec</strong></span> <span class='ocrx_word' id='word_1_31' title='bbox 482 770 562 832; x_wconf 89' lang='lat' dir='ltr'><strong>quas</strong></span> <span class='ocrx_word' id='word_1_32' title='bbox 592 748 701 832; x_wconf 86' lang='lat' dir='ltr'><strong>copias</strong></span> <span class='ocrx_word' id='word_1_33' title='bbox 730 748 879 835; x_wconf 89' lang='lat' dir='ltr'><strong>haberes,</strong></span> <span class='ocrx_word' id='word_1_34' title='bbox 911 754 1021 814; x_wconf 89' lang='lat' dir='ltr'><strong>tamen</strong></span> <span class='ocrx_word' id='word_1_35' title='bbox 1048 748 1095 814; x_wconf 87' lang='lat' dir='ltr'><strong>sic</strong></span> <span class='ocrx_word' id='word_1_36' title='bbox 1119 749 1317 832; x_wconf 73' lang='lat' dir='ltr'><strong>statuebam,</strong></span> <span class='ocrx_word' id='word_1_37' title='bbox 1350 771 1471 834; x_wconf 87' lang='lat' dir='ltr'><strong>omnes,</strong></span> 
     </span>
     <span class='ocr_line' id='line_1_5' title="bbox 197 853 1470 941; baseline 0.002 -24"><span class='ocrx_word' id='word_1_38' title='bbox 197 876 278 938; x_wconf 84' lang='lat' dir='ltr'><strong>quae</strong></span> <span class='ocrx_word' id='word_1_39' title='bbox 302 854 337 918; x_wconf 91' lang='lat' dir='ltr'><strong>in</strong></span> <span class='ocrx_word' id='word_1_40' title='bbox 359 854 434 919; x_wconf 87' lang='lat' dir='ltr'><strong>istis</strong></span> <span class='ocrx_word' id='word_1_41' title='bbox 456 853 605 940; x_wconf 88' lang='lat' dir='ltr'><strong>partibus</strong></span> <span class='ocrx_word' id='word_1_42' title='bbox 630 859 739 918; x_wconf 87' lang='lat' dir='ltr'><strong>essent</strong></span> <span class='ocrx_word' id='word_1_43' title='bbox 762 876 839 939; x_wconf 89' lang='lat' dir='ltr'><strong>opes</strong></span> <span class='ocrx_word' id='word_1_44' title='bbox 864 856 1053 941; x_wconf 87' lang='lat' dir='ltr'><strong>copiaeque,</strong></span> <span class='ocrx_word' id='word_1_45' title='bbox 1083 859 1156 920; x_wconf 89' lang='lat' dir='ltr'><strong>tuas</strong></span> <span class='ocrx_word' id='word_1_46' title='bbox 1180 877 1263 940; x_wconf 86' lang='lat' dir='ltr'><strong>esse,</strong></span> <span class='ocrx_word' id='word_1_47' title='bbox 1292 877 1350 940; x_wconf 87' lang='lat' dir='ltr'><strong>per</strong></span> <span class='ocrx_word' id='word_1_48' title='bbox 1374 859 1470 941; x_wconf 88' lang='lat' dir='ltr'><strong>teque</strong></span> 
     </span>
    </p>

    <p class='ocr_par' dir='ltr' id='par_1_3' title="bbox 170 960 1470 1152">
     <span class='ocr_line' id='line_1_6' title="bbox 170 960 1470 1047; baseline 0.004 -26"><span class='ocrx_word' id='word_1_49' title='bbox 170 960 311 1025; x_wconf 78' lang='lat' dir='ltr'><strong>aAsiam</strong></span> <span class='ocrx_word' id='word_1_50' title='bbox 338 960 539 1046; x_wconf 78' lang='lat' dir='ltr'><strong>provinciam</strong></span> <span class='ocrx_word' id='word_1_51' title='bbox 567 961 769 1025; x_wconf 90' lang='lat' dir='ltr'><strong>confidebam</strong></span> <span class='ocrx_word' id='word_1_52' title='bbox 796 961 863 1027; x_wconf 93' lang='lat' dir='ltr'><strong>iam</strong></span> <span class='ocrx_word' id='word_1_53' title='bbox 890 961 936 1026; x_wconf 88' lang='lat' dir='ltr'><strong>rei</strong></span> <span class='ocrx_word' id='word_1_54' title='bbox 963 986 994 1046; x_wconf 93' lang='lat' dir='ltr'><strong>p.</strong></span> <span class='ocrx_word' id='word_1_55' title='bbox 1022 962 1245 1047; x_wconf 81' lang='lat' dir='ltr'><strong>reciperatam.</strong></span> <span class='ocrx_word' id='word_1_56' title='bbox 1292 965 1329 1025; x_wconf 92' lang='lat' dir='ltr'><strong>tu</strong></span> <span class='ocrx_word' id='word_1_57' title='bbox 1356 961 1409 1027; x_wconf 91' lang='lat' dir='ltr'><strong>fac</strong></span> <span class='ocrx_word' id='word_1_58' title='bbox 1436 962 1470 1026; x_wconf 93' lang='lat' dir='ltr'><strong>in</strong></span> 
     </span>
     <span class='ocr_line' id='line_1_7' title="bbox 195 1066 929 1152; baseline 0.003 -22"><span class='ocrx_word' id='word_1_59' title='bbox 195 1066 343 1152; x_wconf 83' lang='lat' dir='ltr'><strong>augenda</strong></span> <span class='ocrx_word' id='word_1_60' title='bbox 365 1066 471 1152; x_wconf 81' lang='lat' dir='ltr'><strong>gloria</strong></span> <span class='ocrx_word' id='word_1_61' title='bbox 493 1070 527 1131; x_wconf 86' lang='lat' dir='ltr'><strong>te</strong></span> <span class='ocrx_word' id='word_1_62' title='bbox 550 1067 657 1152; x_wconf 90' lang='lat' dir='ltr'><strong>ipsum</strong></span> <span class='ocrx_word' id='word_1_63' title='bbox 681 1066 798 1132; x_wconf 87' lang='lat' dir='ltr'><strong>vincas.</strong></span> <span class='ocrx_word' id='word_1_64' title='bbox 847 1067 929 1132; x_wconf 84' lang='lat' dir='ltr'><strong>vale.</strong></span> 
     </span>
    </p>
   </div>
   <div class='ocr_carea' id='block_1_3' title="bbox 637 1260 1029 1471">
    <p class='ocr_par' dir='ltr' id='par_1_4' title="bbox 637 1260 1029 1471">
     <span class='ocr_line' id='line_1_8' title="bbox 717 1260 948 1349; baseline 0.004 -22"><span class='ocrx_word' id='word_1_65' title='bbox 717 1260 808 1327; x_wconf 83' lang='lat' dir='ltr'><strong>vm.</strong></span> <span class='ocrx_word' id='word_1_66' title='bbox 843 1261 948 1349; x_wconf 79' lang='lat'><strong>(419.)</strong></span> 
     </span>
     <span class='ocr_line' id='line_1_9' title="bbox 637 1401 1029 1471; baseline 0 -2"><span class='ocrx_word' id='word_1_67' title='bbox 637 1402 797 1471; x_wconf 77' lang='lat' dir='ltr'><strong>monuo</strong></span> <span class='ocrx_word' id='word_1_68' title='bbox 820 1401 972 1471; x_wconf 78' lang='lat' dir='ltr'><strong>oassro</strong></span> <span class='ocrx_word' id='word_1_69' title='bbox 998 1403 1029 1471; x_wconf 79' lang='lat' dir='ltr'><strong>a.</strong></span> 
     </span>
    </p>
   </div>
   <div class='ocr_carea' id='block_1_4' title="bbox 152 1544 1502 2698">
    <p class='ocr_par' dir='ltr' id='par_1_5' title="bbox 158 1544 1502 2166">
     <span class='ocr_line' id='line_1_10' title="bbox 282 1544 1502 1631; baseline 0.002 -21"><span class='ocrx_word' id='word_1_70' title='bbox 282 1544 394 1610; x_wconf 87' lang='lat' dir='ltr'><strong>Scelus</strong></span> <span class='ocrx_word' id='word_1_71' title='bbox 423 1545 538 1610; x_wconf 88' lang='lat' dir='ltr'><strong>adfinis</strong></span> <span class='ocrx_word' id='word_1_72' title='bbox 567 1546 616 1610; x_wconf 93' lang='lat' dir='ltr'><strong>tui</strong></span> <span class='ocrx_word' id='word_1_73' title='bbox 639 1545 755 1631; x_wconf 87' lang='lat' dir='ltr'><strong>Lepidi</strong></span> <span class='ocrx_word' id='word_1_74' title='bbox 783 1568 1007 1631; x_wconf 86' lang='lat' dir='ltr'><strong>summamque</strong></span> <span class='ocrx_word' id='word_1_75' title='bbox 1034 1547 1202 1612; x_wconf 82' lang='lat' dir='ltr'><strong>levitatem</strong></span> <span class='ocrx_word' id='word_1_76' title='bbox 1230 1552 1263 1612; x_wconf 90' lang='lat' dir='ltr'><strong>et</strong></span> <span class='ocrx_word' id='word_1_77' title='bbox 1286 1548 1502 1613; x_wconf 88' lang='lat' dir='ltr'><strong>inconstau-1</strong></span> 
     </span>
     <span class='ocr_line' id='line_1_11' title="bbox 158 1652 1469 1741; baseline 0.005 -29"><span class='ocrx_word' id='word_1_78' title='bbox 158 1653 279 1717; x_wconf 80' lang='lat' dir='ltr'><strong>retiam</strong></span> <span class='ocrx_word' id='word_1_79' title='bbox 307 1675 347 1717; x_wconf 88' lang='lat' dir='ltr'><strong>ex</strong></span> <span class='ocrx_word' id='word_1_80' title='bbox 374 1652 471 1737; x_wconf 88' lang='lat' dir='ltr'><strong>actis,</strong></span> <span class='ocrx_word' id='word_1_81' title='bbox 504 1674 585 1737; x_wconf 92' lang='lat' dir='ltr'><strong>quac</strong></span> <span class='ocrx_word' id='word_1_82' title='bbox 614 1654 654 1717; x_wconf 90' lang='lat' dir='ltr'><strong>ad</strong></span> <span class='ocrx_word' id='word_1_83' title='bbox 678 1657 711 1718; x_wconf 91' lang='lat' dir='ltr'><strong>te</strong></span> <span class='ocrx_word' id='word_1_84' title='bbox 735 1653 824 1717; x_wconf 91' lang='lat' dir='ltr'><strong>mitti</strong></span> <span class='ocrx_word' id='word_1_85' title='bbox 848 1658 936 1718; x_wconf 85' lang='lat' dir='ltr'><strong>certo</strong></span> <span class='ocrx_word' id='word_1_86' title='bbox 960 1654 1041 1737; x_wconf 87' lang='lat' dir='ltr'><strong>scio,</strong></span> <span class='ocrx_word' id='word_1_87' title='bbox 1074 1676 1233 1741; x_wconf 82' lang='lat' dir='ltr'><strong>cognosse</strong></span> <span class='ocrx_word' id='word_1_88' title='bbox 1257 1659 1288 1719; x_wconf 92' lang='lat' dir='ltr'><strong>te</strong></span> <span class='ocrx_word' id='word_1_89' title='bbox 1314 1655 1469 1721; x_wconf 88' lang='lat' dir='ltr'><strong>arbitror:</strong></span> 
     </span>
     <span class='ocr_line' id='line_1_12' title="bbox 192 1758 1469 1848; baseline 0.002 -25"><span class='ocrx_word' id='word_1_90' title='bbox 192 1760 303 1843; x_wconf 85' lang='lat' dir='ltr'><strong>itaque</strong></span> <span class='ocrx_word' id='word_1_91' title='bbox 326 1781 386 1823; x_wconf 92' lang='lat' dir='ltr'><strong>nos</strong></span> <span class='ocrx_word' id='word_1_92' title='bbox 411 1758 558 1824; x_wconf 86' lang='lat' dir='ltr'><strong>confecto</strong></span> <span class='ocrx_word' id='word_1_93' title='bbox 582 1759 684 1843; x_wconf 94' lang='lat' dir='ltr'><strong>bello,</strong></span> <span class='ocrx_word' id='word_1_94' title='bbox 712 1763 750 1823; x_wconf 87' lang='lat' dir='ltr'><strong>ut</strong></span> <span class='ocrx_word' id='word_1_95' title='bbox 773 1758 1026 1843; x_wconf 86' lang='lat' dir='ltr'><strong>arbitrabamur,</strong></span> <span class='ocrx_word' id='word_1_96' title='bbox 1054 1766 1247 1825; x_wconf 87' lang='lat' dir='ltr'><strong>renovatum</strong></span> <span class='ocrx_word' id='word_1_97' title='bbox 1271 1762 1393 1826; x_wconf 87' lang='lat' dir='ltr'><strong>bellum</strong></span> <span class='ocrx_word' id='word_1_98' title='bbox 1417 1784 1469 1848; x_wconf 81' lang='lat' dir='ltr'><strong>ge</strong></span> 
     </span>
     <span class='ocr_line' id='line_1_13' title="bbox 192 1865 1468 1951; baseline -0.001 -19"><span class='ocrx_word' id='word_1_99' title='bbox 192 1867 295 1932; x_wconf 90' lang='lat' dir='ltr'><strong>rimus</strong></span> <span class='ocrx_word' id='word_1_100' title='bbox 318 1888 474 1951; x_wconf 91' lang='lat' dir='ltr'><strong>spemque</strong></span> <span class='ocrx_word' id='word_1_101' title='bbox 502 1888 631 1931; x_wconf 90' lang='lat' dir='ltr'><strong>omnem</strong></span> <span class='ocrx_word' id='word_1_102' title='bbox 655 1866 690 1930; x_wconf 92' lang='lat' dir='ltr'><strong>in</strong></span> <span class='ocrx_word' id='word_1_103' title='bbox 713 1865 753 1931; x_wconf 90' lang='lat' dir='ltr'><strong>D.</strong></span> <span class='ocrx_word' id='word_1_104' title='bbox 776 1865 879 1931; x_wconf 89' lang='lat' dir='ltr'><strong>Bruto</strong></span> <span class='ocrx_word' id='word_1_105' title='bbox 903 1870 936 1930; x_wconf 90' lang='lat' dir='ltr'><strong>et</strong></span> <span class='ocrx_word' id='word_1_106' title='bbox 959 1866 1080 1931; x_wconf 90' lang='lat' dir='ltr'><strong>Planco</strong></span> <span class='ocrx_word' id='word_1_107' title='bbox 1104 1867 1276 1947; x_wconf 89' lang='lat' dir='ltr'><strong>habemus,</strong></span> <span class='ocrx_word' id='word_1_108' title='bbox 1304 1867 1331 1931; x_wconf 89' lang='lat' dir='ltr'><strong>si</strong></span> <span class='ocrx_word' id='word_1_109' title='bbox 1356 1889 1468 1931; x_wconf 85' lang='lat' dir='ltr'><strong>verum</strong></span> 
     </span>
     <span class='ocr_line' id='line_1_14' title="bbox 193 1972 1468 2058; baseline 0 -21"><span class='ocrx_word' id='word_1_110' title='bbox 193 1972 333 2057; x_wconf 88' lang='lat' dir='ltr'><strong>quaeris,</strong></span> <span class='ocrx_word' id='word_1_111' title='bbox 354 1972 390 2037; x_wconf 92' lang='lat' dir='ltr'><strong>in</strong></span> <span class='ocrx_word' id='word_1_112' title='bbox 413 1976 446 2037; x_wconf 90' lang='lat' dir='ltr'><strong>te</strong></span> <span class='ocrx_word' id='word_1_113' title='bbox 470 1976 503 2038; x_wconf 87' lang='lat' dir='ltr'><strong>et</strong></span> <span class='ocrx_word' id='word_1_114' title='bbox 526 1973 561 2037; x_wconf 92' lang='lat' dir='ltr'><strong>in</strong></span> <span class='ocrx_word' id='word_1_115' title='bbox 583 1995 655 2038; x_wconf 91' lang='lat' dir='ltr'><strong>meo</strong></span> <span class='ocrx_word' id='word_1_116' title='bbox 679 1973 794 2058; x_wconf 87' lang='lat' dir='ltr'><strong>Bruto,</strong></span> <span class='ocrx_word' id='word_1_117' title='bbox 816 1995 883 2038; x_wconf 92' lang='lat' dir='ltr'><strong>non</strong></span> <span class='ocrx_word' id='word_1_118' title='bbox 906 1973 1013 2038; x_wconf 90' lang='lat' dir='ltr'><strong>solum</strong></span> <span class='ocrx_word' id='word_1_119' title='bbox 1037 1975 1076 2038; x_wconf 89' lang='lat' dir='ltr'><strong>ad</strong></span> <span class='ocrx_word' id='word_1_120' title='bbox 1099 1995 1251 2058; x_wconf 88' lang='lat' dir='ltr'><strong>praesens</strong></span> <span class='ocrx_word' id='word_1_121' title='bbox 1274 1973 1468 2058; x_wconf 85' lang='lat' dir='ltr'><strong>perfugium,</strong></span> 
     </span>
     <span class='ocr_line' id='line_1_15' title="bbox 193 2078 1468 2166; baseline 0 -22"><span class='ocrx_word' id='word_1_122' title='bbox 193 2079 230 2164; x_wconf 89' lang='lat' dir='ltr'><strong>si,</strong></span> <span class='ocrx_word' id='word_1_123' title='bbox 254 2080 340 2164; x_wconf 92' lang='lat' dir='ltr'><strong>quod</strong></span> <span class='ocrx_word' id='word_1_124' title='bbox 363 2078 474 2158; x_wconf 88' lang='lat' dir='ltr'><strong>nolim,</strong></span> <span class='ocrx_word' id='word_1_125' title='bbox 498 2080 624 2145; x_wconf 83' lang='lat' dir='ltr'><strong>adversi</strong></span> <span class='ocrx_word' id='word_1_126' title='bbox 649 2080 726 2166; x_wconf 90' lang='lat' dir='ltr'><strong>quid</strong></span> <span class='ocrx_word' id='word_1_127' title='bbox 750 2079 914 2165; x_wconf 89' lang='lat' dir='ltr'><strong>acciderit,</strong></span> <span class='ocrx_word' id='word_1_128' title='bbox 937 2080 1111 2145; x_wconf 87' lang='lat' dir='ltr'><strong>sedetiam</strong></span> <span class='ocrx_word' id='word_1_129' title='bbox 1129 2081 1169 2144; x_wconf 89' lang='lat' dir='ltr'><strong>ad</strong></span> <span class='ocrx_word' id='word_1_130' title='bbox 1189 2080 1468 2145; x_wconf 88' lang='lat' dir='ltr'><strong>confirmationem</strong></span> 
     </span>
    </p>

    <p class='ocr_par' dir='ltr' id='par_1_6' title="bbox 152 2185 1502 2698">
     <span class='ocr_line' id='line_1_16' title="bbox 152 2185 1502 2271; baseline 0.001 -25"><span class='ocrx_word' id='word_1_131' title='bbox 152 2206 179 2246; x_wconf 83' lang='lat'><strong>15</strong></span> <span class='ocrx_word' id='word_1_132' title='bbox 192 2190 368 2271; x_wconf 85' lang='lat' dir='ltr'><strong>perpetuae</strong></span> <span class='ocrx_word' id='word_1_133' title='bbox 391 2185 563 2250; x_wconf 87' lang='lat' dir='ltr'><strong>libertatis.</strong></span> <span class='ocrx_word' id='word_1_134' title='bbox 603 2209 665 2252; x_wconf 89' lang='lat' dir='ltr'><strong>nos</strong></span> <span class='ocrx_word' id='word_1_135' title='bbox 687 2186 741 2252; x_wconf 93' lang='lat' dir='ltr'><strong>hic</strong></span> <span class='ocrx_word' id='word_1_136' title='bbox 764 2186 803 2251; x_wconf 90' lang='lat' dir='ltr'><strong>de</strong></span> <span class='ocrx_word' id='word_1_137' title='bbox 827 2185 999 2251; x_wconf 89' lang='lat' dir='ltr'><strong>Dolabella</strong></span> <span class='ocrx_word' id='word_1_138' title='bbox 1023 2187 1242 2271; x_wconf 87' lang='lat' dir='ltr'><strong>audiebamus,</strong></span> <span class='ocrx_word' id='word_1_139' title='bbox 1266 2208 1347 2271; x_wconf 88' lang='lat' dir='ltr'><strong>quae</strong></span> <span class='ocrx_word' id='word_1_140' title='bbox 1372 2187 1502 2252; x_wconf 79' lang='lat' dir='ltr'><strong>velle-2</strong></span> 
     </span>
     <span class='ocr_line' id='line_1_17' title="bbox 193 2292 1467 2378; baseline 0.002 -22"><span class='ocrx_word' id='word_1_141' title='bbox 193 2314 275 2375; x_wconf 89' lang='lat' dir='ltr'><strong>mus,</strong></span> <span class='ocrx_word' id='word_1_142' title='bbox 298 2292 354 2357; x_wconf 89' lang='lat' dir='ltr'><strong>sed</strong></span> <span class='ocrx_word' id='word_1_143' title='bbox 378 2296 484 2357; x_wconf 86' lang='lat' dir='ltr'><strong>certos</strong></span> <span class='ocrx_word' id='word_1_144' title='bbox 508 2297 658 2358; x_wconf 89' lang='lat' dir='ltr'><strong>auctores</strong></span> <span class='ocrx_word' id='word_1_145' title='bbox 681 2315 748 2359; x_wconf 92' lang='lat' dir='ltr'><strong>non</strong></span> <span class='ocrx_word' id='word_1_146' title='bbox 769 2293 978 2358; x_wconf 88' lang='lat' dir='ltr'><strong>habebamus.</strong></span> <span class='ocrx_word' id='word_1_147' title='bbox 1020 2297 1052 2357; x_wconf 93' lang='lat' dir='ltr'><strong>tc</strong></span> <span class='ocrx_word' id='word_1_148' title='bbox 1078 2293 1208 2377; x_wconf 89' lang='lat' dir='ltr'><strong>quidem</strong></span> <span class='ocrx_word' id='word_1_149' title='bbox 1232 2314 1388 2378; x_wconf 79' lang='lat' dir='ltr'><strong>magnum</strong></span> <span class='ocrx_word' id='word_1_150' title='bbox 1411 2294 1467 2358; x_wconf 91' lang='lat' dir='ltr'><strong>ho-</strong></span> 
     </span>
     <span class='ocr_line' id='line_1_18' title="bbox 191 2399 1467 2485; baseline 0.002 -24"><span class='ocrx_word' id='word_1_151' title='bbox 191 2399 312 2462; x_wconf 88' lang='lat' dir='ltr'><strong>minem</strong></span> <span class='ocrx_word' id='word_1_152' title='bbox 340 2402 373 2462; x_wconf 91' lang='lat' dir='ltr'><strong>et</strong></span> <span class='ocrx_word' id='word_1_153' title='bbox 406 2400 570 2482; x_wconf 88' lang='lat' dir='ltr'><strong>praesenti</strong></span> <span class='ocrx_word' id='word_1_154' title='bbox 598 2400 717 2466; x_wconf 87' lang='lat' dir='ltr'><strong>iudicio</strong></span> <span class='ocrx_word' id='word_1_155' title='bbox 742 2404 776 2464; x_wconf 91' lang='lat' dir='ltr'><strong>et</strong></span> <span class='ocrx_word' id='word_1_156' title='bbox 797 2399 916 2484; x_wconf 92' lang='lat' dir='ltr'><strong>reliqui</strong></span> <span class='ocrx_word' id='word_1_157' title='bbox 939 2400 1096 2484; x_wconf 90' lang='lat' dir='ltr'><strong>temporis</strong></span> <span class='ocrx_word' id='word_1_158' title='bbox 1120 2400 1361 2485; x_wconf 81' lang='lat' dir='ltr'><strong>exspectatione</strong></span> <span class='ocrx_word' id='word_1_159' title='bbox 1385 2399 1467 2465; x_wconf 87' lang='lat' dir='ltr'><strong>scito</strong></span> 
     </span>
     <span class='ocr_line' id='line_1_19' title="bbox 191 2504 1467 2590; baseline 0.002 -22"><span class='ocrx_word' id='word_1_160' title='bbox 191 2527 275 2569; x_wconf 89' lang='lat' dir='ltr'><strong>esse:</strong></span> <span class='ocrx_word' id='word_1_161' title='bbox 298 2505 361 2570; x_wconf 91' lang='lat' dir='ltr'><strong>hoc</strong></span> <span class='ocrx_word' id='word_1_162' title='bbox 383 2504 445 2571; x_wconf 89' lang='lat' dir='ltr'><strong>tibi</strong></span> <span class='ocrx_word' id='word_1_163' title='bbox 469 2506 640 2590; x_wconf 88' lang='lat' dir='ltr'><strong>proposito</strong></span> <span class='ocrx_word' id='word_1_164' title='bbox 663 2506 715 2571; x_wconf 91' lang='lat' dir='ltr'><strong>fac</strong></span> <span class='ocrx_word' id='word_1_165' title='bbox 737 2512 775 2571; x_wconf 92' lang='lat' dir='ltr'><strong>ut</strong></span> <span class='ocrx_word' id='word_1_166' title='bbox 799 2507 838 2570; x_wconf 89' lang='lat' dir='ltr'><strong>ad</strong></span> <span class='ocrx_word' id='word_1_167' title='bbox 861 2529 988 2571; x_wconf 91' lang='lat' dir='ltr'><strong>summa</strong></span> <span class='ocrx_word' id='word_1_168' title='bbox 1006 2506 1195 2590; x_wconf 82' lang='lat' dir='ltr'><strong>contendas3</strong></span> <span class='ocrx_word' id='word_1_169' title='bbox 1218 2505 1300 2570; x_wconf 90' lang='lat' dir='ltr'><strong>nihil</strong></span> <span class='ocrx_word' id='word_1_170' title='bbox 1325 2510 1375 2571; x_wconf 85' lang='lat' dir='ltr'><strong>est</strong></span> <span class='ocrx_word' id='word_1_171' title='bbox 1399 2510 1467 2570; x_wconf 90' lang='lat' dir='ltr'><strong>tan-</strong></span> 
     </span>
     <span class='ocr_line' id='line_1_20' title="bbox 191 2611 1466 2698; baseline 0.002 -23"><span class='ocrx_word' id='word_1_172' title='bbox 191 2615 271 2695; x_wconf 91' lang='lat' dir='ltr'><strong>tum,</strong></span> <span class='ocrx_word' id='word_1_173' title='bbox 295 2612 381 2697; x_wconf 92' lang='lat' dir='ltr'><strong>quod</strong></span> <span class='ocrx_word' id='word_1_174' title='bbox 403 2634 469 2677; x_wconf 90' lang='lat' dir='ltr'><strong>non</strong></span> <span class='ocrx_word' id='word_1_175' title='bbox 491 2635 522 2696; x_wconf 90' lang='lat' dir='ltr'><strong>p.</strong></span> <span class='ocrx_word' id='word_1_176' title='bbox 537 2611 575 2678; x_wconf 86' lang='lat' dir='ltr'><strong>R.</strong></span> <span class='ocrx_word' id='word_1_177' title='bbox 599 2636 618 2678; x_wconf 90' lang='lat' dir='ltr'><strong>a</strong></span> <span class='ocrx_word' id='word_1_178' title='bbox 641 2617 673 2677; x_wconf 90' lang='lat' dir='ltr'><strong>ta</strong></span> <span class='ocrx_word' id='word_1_179' title='bbox 697 2614 809 2697; x_wconf 91' lang='lat' dir='ltr'><strong>perfici</strong></span> <span class='ocrx_word' id='word_1_180' title='bbox 833 2618 931 2697; x_wconf 87' lang='lat' dir='ltr'><strong>atque</strong></span> <span class='ocrx_word' id='word_1_181' title='bbox 951 2614 1090 2698; x_wconf 91' lang='lat' dir='ltr'><strong>optineri</strong></span> <span class='ocrx_word' id='word_1_182' title='bbox 1110 2634 1206 2698; x_wconf 91' lang='lat' dir='ltr'><strong>posse</strong></span> <span class='ocrx_word' id='word_1_183' title='bbox 1225 2613 1355 2678; x_wconf 88' lang='lat' dir='ltr'><strong>iudicet.</strong></span> <span class='ocrx_word' id='word_1_184' title='bbox 1388 2612 1466 2678; x_wconf 85' lang='lat' dir='ltr'><strong>vale.</strong></span> 
     </span>
    </p>
   </div>
   <div class='ocr_carea' id='block_1_5' title="bbox 634 2806 1032 3016">
    <p class='ocr_par' dir='ltr' id='par_1_7' title="bbox 634 2806 1032 3016">
     <span class='ocr_line' id='line_1_21' title="bbox 733 2806 930 2895; baseline -0.005 -22"><span class='ocrx_word' id='word_1_185' title='bbox 733 2807 788 2874; x_wconf 83' lang='lat' dir='ltr'><strong>rx.</strong></span> <span class='ocrx_word' id='word_1_186' title='bbox 826 2806 930 2895; x_wconf 78' lang='lat'><strong>(422.)</strong></span> 
     </span>
     <span class='ocr_line' id='line_1_22' title="bbox 634 2947 1032 3016; baseline -0.005 0"><span class='ocrx_word' id='word_1_187' title='bbox 634 2947 796 3016; x_wconf 83' lang='lat' dir='ltr'><strong>cronno</strong></span> <span class='ocrx_word' id='word_1_188' title='bbox 821 2947 974 3016; x_wconf 80' lang='lat' dir='ltr'><strong>oassro</strong></span> <span class='ocrx_word' id='word_1_189' title='bbox 1001 2948 1032 3014; x_wconf 85' lang='lat' dir='ltr'><strong>a.</strong></span> 
     </span>
    </p>
   </div>
   <div class='ocr_carea' id='block_1_6' title="bbox 146 3091 1500 4348">
    <p class='ocr_par' dir='ltr' id='par_1_8' title="bbox 190 3091 1500 3392">
     <span class='ocr_line' id='line_1_23' title="bbox 278 3091 1500 3177; baseline -0.001 -21"><span class='ocrx_word' id='word_1_190' title='bbox 278 3091 429 3157; x_wconf 83' lang='lat' dir='ltr'><strong>Brevitas</strong></span> <span class='ocrx_word' id='word_1_191' title='bbox 453 3096 585 3158; x_wconf 90' lang='lat' dir='ltr'><strong>tuarum</strong></span> <span class='ocrx_word' id='word_1_192' title='bbox 607 3091 793 3157; x_wconf 91' lang='lat' dir='ltr'><strong>litterarum</strong></span> <span class='ocrx_word' id='word_1_193' title='bbox 817 3114 868 3157; x_wconf 91' lang='lat' dir='ltr'><strong>me</strong></span> <span class='ocrx_word' id='word_1_194' title='bbox 892 3114 1020 3177; x_wconf 88' lang='lat' dir='ltr'><strong>quoquc</strong></span> <span class='ocrx_word' id='word_1_195' title='bbox 1043 3091 1225 3157; x_wconf 84' lang='lat' dir='ltr'><strong>breviorem</strong></span> <span class='ocrx_word' id='word_1_196' title='bbox 1243 3092 1465 3157; x_wconf 89' lang='lat' dir='ltr'><strong>inscribendo</strong></span> <span class='ocrx_word' id='word_1_197' title='bbox 1488 3110 1500 3155; x_wconf 87' lang='lat'>1</span> 
     </span>
     <span class='ocr_line' id='line_1_24' title="bbox 190 3197 1467 3284; baseline 0.002 -22"><span class='ocrx_word' id='word_1_198' title='bbox 190 3197 284 3283; x_wconf 87' lang='lat' dir='ltr'><strong>facit,</strong></span> <span class='ocrx_word' id='word_1_199' title='bbox 307 3202 353 3283; x_wconf 89' lang='lat' dir='ltr'><strong>et,</strong></span> <span class='ocrx_word' id='word_1_200' title='bbox 376 3221 450 3263; x_wconf 85' lang='lat' dir='ltr'><strong>vere</strong></span> <span class='ocrx_word' id='word_1_201' title='bbox 473 3202 511 3264; x_wconf 89' lang='lat' dir='ltr'><strong>ut</strong></span> <span class='ocrx_word' id='word_1_202' title='bbox 534 3199 656 3284; x_wconf 89' lang='lat' dir='ltr'><strong>dicam,</strong></span> <span class='ocrx_word' id='word_1_203' title='bbox 676 3222 744 3264; x_wconf 90' lang='lat' dir='ltr'><strong>non</strong></span> <span class='ocrx_word' id='word_1_204' title='bbox 766 3199 848 3265; x_wconf 88' lang='lat' dir='ltr'><strong>satis</strong></span> <span class='ocrx_word' id='word_1_205' title='bbox 872 3198 1026 3281; x_wconf 88' lang='lat' dir='ltr'><strong>occurrit,</strong></span> <span class='ocrx_word' id='word_1_206' title='bbox 1050 3198 1126 3282; x_wconf 89' lang='lat' dir='ltr'><strong>quid</strong></span> <span class='ocrx_word' id='word_1_207' title='bbox 1152 3199 1307 3284; x_wconf 71' lang='lat' dir='ltr'><strong>scribam,</strong></span> <span class='ocrx_word' id='word_1_208' title='bbox 1336 3203 1467 3264; x_wconf 88' lang='lat' dir='ltr'><strong>nostras</strong></span> 
     </span>
     <span class='ocr_line' id='line_1_25' title="bbox 193 3305 1467 3392; baseline 0.001 -23"><span class='ocrx_word' id='word_1_209' title='bbox 193 3305 280 3369; x_wconf 91' lang='lat' dir='ltr'><strong>enim</strong></span> <span class='ocrx_word' id='word_1_210' title='bbox 302 3327 355 3369; x_wconf 88' lang='lat' dir='ltr'><strong>res</strong></span> <span class='ocrx_word' id='word_1_211' title='bbox 378 3305 412 3369; x_wconf 93' lang='lat' dir='ltr'><strong>in</strong></span> <span class='ocrx_word' id='word_1_212' title='bbox 436 3307 519 3370; x_wconf 90' lang='lat' dir='ltr'><strong>actis</strong></span> <span class='ocrx_word' id='word_1_213' title='bbox 541 3305 678 3390; x_wconf 87' lang='lat' dir='ltr'><strong>perferri</strong></span> <span class='ocrx_word' id='word_1_214' title='bbox 702 3306 742 3371; x_wconf 87' lang='lat' dir='ltr'><strong>ad</strong></span> <span class='ocrx_word' id='word_1_215' title='bbox 764 3311 799 3372; x_wconf 85' lang='lat' dir='ltr'><strong>te</strong></span> <span class='ocrx_word' id='word_1_216' title='bbox 823 3310 912 3372; x_wconf 89' lang='lat' dir='ltr'><strong>certo</strong></span> <span class='ocrx_word' id='word_1_217' title='bbox 935 3305 1013 3391; x_wconf 90' lang='lat' dir='ltr'><strong>scio,</strong></span> <span class='ocrx_word' id='word_1_218' title='bbox 1036 3311 1109 3370; x_wconf 88' lang='lat' dir='ltr'><strong>tuas</strong></span> <span class='ocrx_word' id='word_1_219' title='bbox 1133 3309 1242 3371; x_wconf 86' lang='lat' dir='ltr'><strong>autem</strong></span> <span class='ocrx_word' id='word_1_220' title='bbox 1264 3307 1467 3392; x_wconf 73' lang='lat' dir='ltr'><strong>ignoramus,</strong></span> 
     </span>
    </p>

    <p class='ocr_par' dir='ltr' id='par_1_9' title="bbox 149 3410 1500 3923">
     <span class='ocr_line' id='line_1_26' title="bbox 149 3410 1467 3496; baseline 0.001 -21"><span class='ocrx_word' id='word_1_221' title='bbox 149 3434 177 3474; x_wconf 80' lang='lat' dir='ltr'><strong>rs</strong></span> <span class='ocrx_word' id='word_1_222' title='bbox 191 3414 360 3496; x_wconf 88' lang='lat' dir='ltr'><strong>tamquam</strong></span> <span class='ocrx_word' id='word_1_223' title='bbox 389 3413 475 3476; x_wconf 90' lang='lat' dir='ltr'><strong>enim</strong></span> <span class='ocrx_word' id='word_1_224' title='bbox 504 3412 614 3477; x_wconf 89' lang='lat' dir='ltr'><strong>clausa</strong></span> <span class='ocrx_word' id='word_1_225' title='bbox 642 3412 686 3477; x_wconf 91' lang='lat' dir='ltr'><strong>sit</strong></span> <span class='ocrx_word' id='word_1_226' title='bbox 708 3411 802 3496; x_wconf 83' lang='lat' dir='ltr'><strong>Asia,</strong></span> <span class='ocrx_word' id='word_1_227' title='bbox 833 3411 880 3477; x_wconf 89' lang='lat' dir='ltr'><strong>sic</strong></span> <span class='ocrx_word' id='word_1_228' title='bbox 901 3411 985 3476; x_wconf 89' lang='lat' dir='ltr'><strong>nihil</strong></span> <span class='ocrx_word' id='word_1_229' title='bbox 1008 3410 1169 3496; x_wconf 89' lang='lat' dir='ltr'><strong>perfertur</strong></span> <span class='ocrx_word' id='word_1_230' title='bbox 1192 3412 1232 3477; x_wconf 90' lang='lat' dir='ltr'><strong>ad</strong></span> <span class='ocrx_word' id='word_1_231' title='bbox 1254 3434 1314 3477; x_wconf 90' lang='lat' dir='ltr'><strong>nos</strong></span> <span class='ocrx_word' id='word_1_232' title='bbox 1337 3417 1467 3495; x_wconf 90' lang='lat' dir='ltr'><strong>praeter</strong></span> 
     </span>
     <span class='ocr_line' id='line_1_27' title="bbox 189 3517 1465 3604; baseline 0.001 -23"><span class='ocrx_word' id='word_1_233' title='bbox 189 3540 337 3582; x_wconf 90' lang='lat' dir='ltr'><strong>rumores</strong></span> <span class='ocrx_word' id='word_1_234' title='bbox 366 3518 404 3582; x_wconf 93' lang='lat' dir='ltr'><strong>de</strong></span> <span class='ocrx_word' id='word_1_235' title='bbox 433 3540 589 3604; x_wconf 88' lang='lat' dir='ltr'><strong>oppresso</strong></span> <span class='ocrx_word' id='word_1_236' title='bbox 614 3517 799 3602; x_wconf 85' lang='lat' dir='ltr'><strong>Dolabella,</strong></span> <span class='ocrx_word' id='word_1_237' title='bbox 828 3519 908 3583; x_wconf 89' lang='lat' dir='ltr'><strong>satis</strong></span> <span class='ocrx_word' id='word_1_238' title='bbox 932 3518 1007 3583; x_wconf 90' lang='lat' dir='ltr'><strong>illos</strong></span> <span class='ocrx_word' id='word_1_239' title='bbox 1031 3518 1161 3603; x_wconf 89' lang='lat' dir='ltr'><strong>quidem</strong></span> <span class='ocrx_word' id='word_1_240' title='bbox 1185 3518 1381 3602; x_wconf 86' lang='lat' dir='ltr'><strong>constantis,</strong></span> <span class='ocrx_word' id='word_1_241' title='bbox 1410 3518 1465 3582; x_wconf 91' lang='lat' dir='ltr'><strong>sed</strong></span> 
     </span>
     <span class='ocr_line' id='line_1_28' title="bbox 189 3622 1500 3709; baseline -0.002 -21"><span class='ocrx_word' id='word_1_242' title='bbox 189 3623 294 3690; x_wconf 89' lang='lat' dir='ltr'><strong>adhuc</strong></span> <span class='ocrx_word' id='word_1_243' title='bbox 317 3625 387 3689; x_wconf 90' lang='lat' dir='ltr'><strong>sine</strong></span> <span class='ocrx_word' id='word_1_244' title='bbox 411 3629 550 3690; x_wconf 90' lang='lat' dir='ltr'><strong>auctore.</strong></span> <span class='ocrx_word' id='word_1_245' title='bbox 597 3646 671 3706; x_wconf 88' lang='lat' dir='ltr'><strong>nos,</strong></span> <span class='ocrx_word' id='word_1_246' title='bbox 700 3622 883 3689; x_wconf 89' lang='lat' dir='ltr'><strong>confectum</strong></span> <span class='ocrx_word' id='word_1_247' title='bbox 910 3623 1032 3688; x_wconf 91' lang='lat' dir='ltr'><strong>bellum</strong></span> <span class='ocrx_word' id='word_1_248' title='bbox 1062 3646 1160 3708; x_wconf 93' lang='lat' dir='ltr'><strong>quom</strong></span> <span class='ocrx_word' id='word_1_249' title='bbox 1187 3627 1389 3709; x_wconf 91' lang='lat' dir='ltr'><strong>putaremus,</strong></span> <span class='ocrx_word' id='word_1_250' title='bbox 1416 3640 1500 3688; x_wconf 78' lang='lat' dir='ltr'><strong>ree</strong></span> 
     </span>
     <span class='ocr_line' id='line_1_29' title="bbox 187 3728 1464 3816; baseline -0.002 -21"><span class='ocrx_word' id='word_1_251' title='bbox 187 3736 285 3815; x_wconf 89' lang='lat' dir='ltr'><strong>pente</strong></span> <span class='ocrx_word' id='word_1_252' title='bbox 309 3754 328 3795; x_wconf 89' lang='lat' dir='ltr'><strong>a</strong></span> <span class='ocrx_word' id='word_1_253' title='bbox 352 3730 475 3816; x_wconf 87' lang='lat' dir='ltr'><strong>Lepido</strong></span> <span class='ocrx_word' id='word_1_254' title='bbox 499 3736 556 3796; x_wconf 89' lang='lat' dir='ltr'><strong>tuo</strong></span> <span class='ocrx_word' id='word_1_255' title='bbox 580 3732 615 3794; x_wconf 94' lang='lat' dir='ltr'><strong>in</strong></span> <span class='ocrx_word' id='word_1_256' title='bbox 638 3753 799 3795; x_wconf 88' lang='lat' dir='ltr'><strong>summam</strong></span> <span class='ocrx_word' id='word_1_257' title='bbox 822 3729 1076 3795; x_wconf 90' lang='lat' dir='ltr'><strong>sollicitudinem</strong></span> <span class='ocrx_word' id='word_1_258' title='bbox 1099 3751 1210 3794; x_wconf 88' lang='lat' dir='ltr'><strong>sumus</strong></span> <span class='ocrx_word' id='word_1_259' title='bbox 1234 3729 1377 3794; x_wconf 87' lang='lat' dir='ltr'><strong>adducti:</strong></span> <span class='ocrx_word' id='word_1_260' title='bbox 1405 3728 1464 3794; x_wconf 89' lang='lat' dir='ltr'><strong>ita·</strong></span> 
     </span>
     <span class='ocr_line' id='line_1_30' title="bbox 188 3836 1463 3923; baseline -0.001 -21"><span class='ocrx_word' id='word_1_261' title='bbox 188 3860 251 3923; x_wconf 90' lang='lat' dir='ltr'><strong>que</strong></span> <span class='ocrx_word' id='word_1_262' title='bbox 274 3838 337 3902; x_wconf 93' lang='lat' dir='ltr'><strong>tibi</strong></span> <span class='ocrx_word' id='word_1_263' title='bbox 360 3838 517 3922; x_wconf 88' lang='lat' dir='ltr'><strong>persuade</strong></span> <span class='ocrx_word' id='word_1_264' title='bbox 542 3838 716 3902; x_wconf 84' lang='lat' dir='ltr'><strong>maximam</strong></span> <span class='ocrx_word' id='word_1_265' title='bbox 740 3838 787 3902; x_wconf 89' lang='lat' dir='ltr'><strong>rei</strong></span> <span class='ocrx_word' id='word_1_266' title='bbox 811 3859 841 3921; x_wconf 91' lang='lat' dir='ltr'><strong>p.</strong></span> <span class='ocrx_word' id='word_1_267' title='bbox 860 3859 951 3921; x_wconf 88' lang='lat' dir='ltr'><strong>spem</strong></span> <span class='ocrx_word' id='word_1_268' title='bbox 970 3837 1003 3901; x_wconf 90' lang='lat' dir='ltr'><strong>in</strong></span> <span class='ocrx_word' id='word_1_269' title='bbox 1022 3840 1055 3901; x_wconf 91' lang='lat' dir='ltr'><strong>te</strong></span> <span class='ocrx_word' id='word_1_270' title='bbox 1074 3840 1107 3901; x_wconf 89' lang='lat' dir='ltr'><strong>et</strong></span> <span class='ocrx_word' id='word_1_271' title='bbox 1126 3837 1161 3900; x_wconf 94' lang='lat' dir='ltr'><strong>in</strong></span> <span class='ocrx_word' id='word_1_272' title='bbox 1178 3836 1243 3900; x_wconf 86' lang='lat' dir='ltr'><strong>tuis</strong></span> <span class='ocrx_word' id='word_1_273' title='bbox 1263 3836 1365 3921; x_wconf 89' lang='lat' dir='ltr'><strong>copiis</strong></span> <span class='ocrx_word' id='word_1_274' title='bbox 1384 3857 1463 3901; x_wconf 88' lang='lat' dir='ltr'><strong>esse.</strong></span> 
     </span>
    </p>

    <p class='ocr_par' dir='ltr' id='par_1_10' title="bbox 146 3943 1463 4348">
     <span class='ocr_line' id='line_1_31' title="bbox 146 3943 1463 4027; baseline 0.001 -21"><span class='ocrx_word' id='word_1_275' title='bbox 146 3944 300 4009; x_wconf 87' lang='lat' dir='ltr'><strong>sofirmos</strong></span> <span class='ocrx_word' id='word_1_276' title='bbox 324 3945 458 4009; x_wconf 89' lang='lat' dir='ltr'><strong>omnino</strong></span> <span class='ocrx_word' id='word_1_277' title='bbox 482 3945 643 4009; x_wconf 90' lang='lat' dir='ltr'><strong>exercitus</strong></span> <span class='ocrx_word' id='word_1_278' title='bbox 666 3945 837 4027; x_wconf 90' lang='lat' dir='ltr'><strong>habemus,</strong></span> <span class='ocrx_word' id='word_1_279' title='bbox 866 3944 920 4007; x_wconf 88' lang='lat' dir='ltr'><strong>scd</strong></span> <span class='ocrx_word' id='word_1_280' title='bbox 945 3946 1068 4024; x_wconf 85' lang='lat' dir='ltr'><strong>tamen,</strong></span> <span class='ocrx_word' id='word_1_281' title='bbox 1091 3947 1129 4006; x_wconf 95' lang='lat' dir='ltr'><strong>ut</strong></span> <span class='ocrx_word' id='word_1_282' title='bbox 1153 3943 1276 4025; x_wconf 83' lang='lat' dir='ltr'><strong>omniu,</strong></span> <span class='ocrx_word' id='word_1_283' title='bbox 1298 3947 1335 4007; x_wconf 85' lang='lat' dir='ltr'><strong>ut</strong></span> <span class='ocrx_word' id='word_1_284' title='bbox 1359 3964 1463 4027; x_wconf 88' lang='lat' dir='ltr'><strong>spero,</strong></span> 
     </span>
     <span class='ocr_line' id='line_1_32' title="bbox 187 4049 1462 4134; baseline 0 -20"><span class='ocrx_word' id='word_1_285' title='bbox 187 4072 341 4134; x_wconf 87' lang='lat' dir='ltr'><strong>prospere</strong></span> <span class='ocrx_word' id='word_1_286' title='bbox 371 4051 561 4134; x_wconf 88' lang='lat' dir='ltr'><strong>procedant,</strong></span> <span class='ocrx_word' id='word_1_287' title='bbox 592 4051 731 4115; x_wconf 90' lang='lat' dir='ltr'><strong>multum</strong></span> <span class='ocrx_word' id='word_1_288' title='bbox 759 4050 896 4115; x_wconf 88' lang='lat' dir='ltr'><strong>interest</strong></span> <span class='ocrx_word' id='word_1_289' title='bbox 923 4054 956 4114; x_wconf 90' lang='lat' dir='ltr'><strong>te</strong></span> <span class='ocrx_word' id='word_1_290' title='bbox 980 4050 1103 4131; x_wconf 82' lang='lat' dir='ltr'><strong>venirc;</strong></span> <span class='ocrx_word' id='word_1_291' title='bbox 1136 4050 1254 4134; x_wconf 88' lang='lat' dir='ltr'><strong>exigua</strong></span> <span class='ocrx_word' id='word_1_292' title='bbox 1278 4049 1364 4114; x_wconf 88' lang='lat' dir='ltr'><strong>enim</strong></span> <span class='ocrx_word' id='word_1_293' title='bbox 1388 4071 1462 4134; x_wconf 88' lang='lat' dir='ltr'><strong>apes</strong></span> 
     </span>
     <span class='ocr_line' id='line_1_33' title="bbox 187 4156 1460 4241; baseline -0.002 -20"><span class='ocrx_word' id='word_1_294' title='bbox 187 4162 238 4221; x_wconf 88' lang='lat' dir='ltr'><strong>est</strong></span> <span class='ocrx_word' id='word_1_295' title='bbox 256 4156 352 4241; x_wconf 90' lang='lat' dir='ltr'><strong>reip.</strong></span> <span class='ocrx_word' id='word_1_296' title='bbox 376 4195 412 4204; x_wconf 94' lang='lat'><em>-</em></span> <span class='ocrx_word' id='word_1_297' title='bbox 433 4179 510 4222; x_wconf 91' lang='lat' dir='ltr'><strong>nam</strong></span> <span class='ocrx_word' id='word_1_298' title='bbox 533 4157 657 4221; x_wconf 92' lang='lat' dir='ltr'><strong>nullam</strong></span> <span class='ocrx_word' id='word_1_299' title='bbox 679 4179 746 4221; x_wconf 90' lang='lat' dir='ltr'><strong>non</strong></span> <span class='ocrx_word' id='word_1_300' title='bbox 769 4157 850 4221; x_wconf 88' lang='lat' dir='ltr'><strong>libet</strong></span> <span class='ocrx_word' id='word_1_301' title='bbox 872 4157 976 4222; x_wconf 90' lang='lat' dir='ltr'><strong>dicere</strong></span> <span class='ocrx_word' id='word_1_302' title='bbox 997 4194 1048 4239; x_wconf 92' lang='lat'><strong>—,</strong></span> <span class='ocrx_word' id='word_1_303' title='bbox 1072 4157 1137 4239; x_wconf 89' lang='lat' dir='ltr'><strong>sed,</strong></span> <span class='ocrx_word' id='word_1_304' title='bbox 1161 4177 1381 4240; x_wconf 88' lang='lat' dir='ltr'><strong>quaecumque</strong></span> <span class='ocrx_word' id='word_1_305' title='bbox 1401 4159 1460 4239; x_wconf 88' lang='lat' dir='ltr'><strong>est,</strong></span> 
     </span>
     <span class='ocr_line' id='line_1_34' title="bbox 186 4245 982 4348; baseline -0.003 -20"><span class='ocrx_word' id='word_1_306' title='bbox 186 4285 224 4328; x_wconf 90' lang='lat' dir='ltr'><strong>ea</strong></span> <span class='ocrx_word' id='word_1_307' title='bbox 247 4264 465 4348; x_wconf 88' lang='lat' dir='ltr'><strong>despondetur</strong></span> <span class='ocrx_word' id='word_1_308' title='bbox 489 4286 573 4328; x_wconf 88' lang='lat' dir='ltr'><strong>anno</strong></span> <span class='ocrx_word' id='word_1_309' title='bbox 598 4245 787 4329; x_wconf 67' lang='lat' dir='ltr'><strong>consulatus</strong></span> <span class='ocrx_word' id='word_1_310' title='bbox 811 4263 868 4326; x_wconf 91' lang='lat' dir='ltr'><strong>tui.</strong></span> <span class='ocrx_word' id='word_1_311' title='bbox 902 4263 982 4328; x_wconf 88' lang='lat' dir='ltr'><strong>vale.</strong></span> 
     </span>
    </p>
   </div>
   <div class='ocr_carea' id='block_1_7' title="bbox 180 4455 1463 4885">
    <p class='ocr_par' dir='ltr' id='par_1_11' title="bbox 180 4455 1463 4885">
     <span class='ocr_line' id='line_1_35' title="bbox 271 4455 1456 4526; baseline 0.001 -16"><span class='ocrx_word' id='word_1_312' title='bbox 271 4461 296 4511; x_wconf 81' lang='lat'><strong>4.</strong></span> <span class='ocrx_word' id='word_1_313' title='bbox 316 4455 379 4510; x_wconf 83' lang='lat' dir='ltr'><strong>istis</strong></span> <span class='ocrx_word' id='word_1_314' title='bbox 398 4456 445 4526; x_wconf 90' lang='lat' dir='ltr'><strong>M,</strong></span> <span class='ocrx_word' id='word_1_315' title='bbox 471 4455 516 4509; x_wconf 89' lang='lat' dir='ltr'><strong>his</strong></span> <span class='ocrx_word' id='word_1_316' title='bbox 536 4456 619 4526; x_wconf 72' lang='lat' dir='ltr'><strong>11qu</strong></span> <span class='ocrx_word' id='word_1_317' title='bbox 633 4462 656 4510; x_wconf 84' lang='grc'><strong>4.</strong></span> <span class='ocrx_word' id='word_1_318' title='bbox 677 4461 700 4511; x_wconf 75' lang='grc' dir='ltr'><strong>ὅ.</strong></span> <span class='ocrx_word' id='word_1_319' title='bbox 721 4458 817 4525; x_wconf 85' lang='lat' dir='ltr'><strong>perte</strong></span> <span class='ocrx_word' id='word_1_320' title='bbox 836 4471 909 4524; x_wconf 86' lang='lat' dir='ltr'><strong>quae</strong></span> <span class='ocrx_word' id='word_1_321' title='bbox 933 4455 1023 4509; x_wconf 85' lang='lat' dir='ltr'><strong>asiam</strong></span> <span class='ocrx_word' id='word_1_322' title='bbox 1041 4455 1079 4508; x_wconf 90' lang='grc' dir='ltr'><em>Μ</em></span> <span class='ocrx_word' id='word_1_323' title='bbox 1093 4457 1102 4524; x_wconf 85' lang='grc'><strong>11</strong></span> <span class='ocrx_word' id='word_1_324' title='bbox 1121 4460 1145 4510; x_wconf 80' lang='lat'><strong>5.</strong></span> <span class='ocrx_word' id='word_1_325' title='bbox 1165 4456 1359 4524; x_wconf 86' lang='lat' dir='ltr'><strong>recuperatam</strong></span> <span class='ocrx_word' id='word_1_326' title='bbox 1379 4456 1456 4511; x_wconf 80' lang='lat' dir='ltr'><strong>Hlll</strong></span> 
     </span>
     <span class='ocr_line' id='line_1_36' title="bbox 182 4526 1463 4610; baseline -0.001 -29"><span class='ocrx_word' id='word_1_327' title='bbox 182 4534 208 4582; x_wconf 89' lang='lat'><strong>6.</strong></span> <span class='ocrx_word' id='word_1_328' title='bbox 227 4527 320 4610; x_wconf 90' lang='lat' dir='ltr'><strong>ipsum</strong></span> <span class='ocrx_word' id='word_1_329' title='bbox 338 4526 436 4581; x_wconf 81' lang='lat' dir='ltr'><strong>uinces</strong></span> <span class='ocrx_word' id='word_1_330' title='bbox 456 4527 529 4596; x_wconf 84' lang='lat' dir='ltr'><strong>HD,</strong></span> <span class='ocrx_word' id='word_1_331' title='bbox 549 4527 691 4596; x_wconf 84' lang='lat' dir='ltr'><strong>ipsnincas</strong></span> <span class='ocrx_word' id='word_1_332' title='bbox 710 4528 751 4582; x_wconf 88' lang='lat' dir='ltr'><strong>M.</strong></span> <span class='ocrx_word' id='word_1_333' title='bbox 780 4526 841 4596; x_wconf 92' lang='lat' dir='ltr'><strong>ipse</strong></span> <span class='ocrx_word' id='word_1_334' title='bbox 859 4526 957 4581; x_wconf 83' lang='lat' dir='ltr'><strong>vincas</strong></span> <span class='ocrx_word' id='word_1_335' title='bbox 977 4527 1091 4581; x_wconf 75' lang='lat' dir='ltr'><strong>Ernesti</strong></span> <span class='ocrx_word' id='word_1_336' title='bbox 1109 4528 1118 4594; x_wconf 86' lang='grc' dir='ltr'><strong>ΙΙ</strong></span> <span class='ocrx_word' id='word_1_337' title='bbox 1139 4532 1179 4581; x_wconf 88' lang='lat'><strong>10.</strong></span> <span class='ocrx_word' id='word_1_338' title='bbox 1200 4529 1274 4580; x_wconf 87' lang='lat' dir='ltr'><strong>certe</strong></span> <span class='ocrx_word' id='word_1_339' title='bbox 1293 4527 1323 4580; x_wconf 92' lang='lat' dir='ltr'><em>D</em></span> <span class='ocrx_word' id='word_1_340' title='bbox 1340 4528 1350 4595; x_wconf 84' lang='grc' dir='ltr'><strong>ΙΙ</strong></span> <span class='ocrx_word' id='word_1_341' title='bbox 1369 4532 1410 4581; x_wconf 91' lang='lat'><strong>11.</strong></span> <span class='ocrx_word' id='word_1_342' title='bbox 1430 4530 1463 4581; x_wconf 91' lang='lat' dir='ltr'><strong>ut</strong></span> 
     </span>
     <span class='ocr_line' id='line_1_37' title="bbox 182 4597 1462 4723; baseline -0.001 -70"><span class='ocrx_word' id='word_1_343' title='bbox 182 4600 354 4653; x_wconf 81' lang='lat' dir='ltr'><strong>arbrtramur</strong></span> <span class='ocrx_word' id='word_1_344' title='bbox 371 4599 406 4653; x_wconf 88' lang='lat' dir='ltr'><em>H</em></span> <span class='ocrx_word' id='word_1_345' title='bbox 425 4601 435 4669; x_wconf 77' lang='lat' dir='ltr'><strong>ll</strong></span> <span class='ocrx_word' id='word_1_346' title='bbox 459 4604 500 4653; x_wconf 83' lang='lat'><strong>13.</strong></span> <span class='ocrx_word' id='word_1_347' title='bbox 519 4599 595 4723; x_wconf 58' lang='lat' dir='ltr'><strong>meqp</strong></span> <span class='ocrx_word' id='word_1_348' title='bbox 613 4600 649 4652; x_wconf 81' lang='lat' dir='ltr'><strong>M.</strong></span> <span class='ocrx_word' id='word_1_349' title='bbox 670 4601 694 4653; x_wconf 88' lang='lat' dir='ltr'><strong>I.</strong></span> <span class='ocrx_word' id='word_1_350' title='bbox 711 4598 745 4654; x_wconf 85' lang='lat' dir='ltr'><strong>F.</strong></span> <span class='ocrx_word' id='word_1_351' title='bbox 762 4599 919 4654; x_wconf 77' lang='lat' dir='ltr'><strong>Gronovius</strong></span> <span class='ocrx_word' id='word_1_352' title='bbox 941 4601 951 4667; x_wconf 85' lang='grc' dir='ltr'><strong>ΙΙ</strong></span> <span class='ocrx_word' id='word_1_353' title='bbox 976 4603 1015 4651; x_wconf 87' lang='grc'><strong>19.</strong></span> <span class='ocrx_word' id='word_1_354' title='bbox 1034 4597 1162 4666; x_wconf 87' lang='lat' dir='ltr'><strong>perficiat</strong></span> <span class='ocrx_word' id='word_1_355' title='bbox 1186 4614 1258 4665; x_wconf 91' lang='lat' dir='ltr'><strong>quae</strong></span> <span class='ocrx_word' id='word_1_356' title='bbox 1282 4597 1403 4668; x_wconf 85' lang='lat' dir='ltr'><strong>optineri</strong></span> <span class='ocrx_word' id='word_1_357' title='bbox 1422 4599 1462 4666; x_wconf 86' lang='lat' dir='ltr'><strong>H,</strong></span> 
     </span>
     <span class='ocr_line' id='line_1_38' title="bbox 182 4668 1461 4738; baseline -0.001 -14"><span class='ocrx_word' id='word_1_358' title='bbox 182 4678 207 4725; x_wconf 78' lang='lat' dir='ltr'><strong>et</strong></span> <span class='ocrx_word' id='word_1_359' title='bbox 225 4670 255 4724; x_wconf 91' lang='lat' dir='ltr'><strong><em>D</em></strong></span> <span class='ocrx_word' id='word_1_360' title='bbox 273 4677 336 4724; x_wconf 77' lang='lat' dir='ltr'><strong>aute</strong></span> <span class='ocrx_word' id='word_1_361' title='bbox 354 4687 423 4724; x_wconf 84' lang='lat' dir='ltr'><strong>corr.</strong></span> <span class='ocrx_word' id='word_1_362' title='bbox 451 4672 460 4738; x_wconf 95' lang='lat' dir='ltr'><strong>l</strong></span> <span class='ocrx_word' id='word_1_363' title='bbox 488 4669 569 4724; x_wconf 58' lang='lat'><strong>210</strong></span> <span class='ocrx_word' id='word_1_364' title='bbox 597 4670 672 4725; x_wconf 87' lang='lat' dir='ltr'>SSIO</span> <span class='ocrx_word' id='word_1_365' title='bbox 692 4671 749 4724; x_wconf 75' lang='lat' dir='ltr'><strong>ind.</strong></span> <span class='ocrx_word' id='word_1_366' title='bbox 769 4669 847 4737; x_wconf 83' lang='grc' dir='ltr'><strong>ΜΗ,</strong></span> <span class='ocrx_word' id='word_1_367' title='bbox 867 4668 955 4722; x_wconf 87' lang='lat' dir='ltr'><strong>attico</strong></span> <span class='ocrx_word' id='word_1_368' title='bbox 976 4672 1006 4722; x_wconf 81' lang='grc' dir='ltr'><em>Ψ</em></span> <span class='ocrx_word' id='word_1_369' title='bbox 1030 4670 1040 4737; x_wconf 83' lang='grc' dir='ltr'><strong>ΙΙ</strong></span> <span class='ocrx_word' id='word_1_370' title='bbox 1067 4673 1108 4722; x_wconf 79' lang='lat'><strong>22.</strong></span> <span class='ocrx_word' id='word_1_371' title='bbox 1128 4668 1158 4721; x_wconf 88' lang='lat' dir='ltr'><strong>in</strong></span> <span class='ocrx_word' id='word_1_372' title='bbox 1180 4668 1327 4722; x_wconf 86' lang='lat' dir='ltr'><strong>scribendo</strong></span> <span class='ocrx_word' id='word_1_373' title='bbox 1350 4669 1461 4724; x_wconf 88' lang='lat' dir='ltr'><strong>breuio-</strong></span> 
     </span>
     <span class='ocr_line' id='line_1_39' title="bbox 180 4738 1461 4866; baseline 0.002 -72"><span class='ocrx_word' id='word_1_374' title='bbox 180 4758 239 4796; x_wconf 88' lang='lat' dir='ltr'><strong>rem</strong></span> <span class='ocrx_word' id='word_1_375' title='bbox 258 4741 289 4795; x_wconf 91' lang='lat' dir='ltr'><em>D</em></span> <span class='ocrx_word' id='word_1_376' title='bbox 310 4743 320 4810; x_wconf 85' lang='grc' dir='ltr'><strong>ΙΙ</strong></span> <span class='ocrx_word' id='word_1_377' title='bbox 342 4746 385 4795; x_wconf 82' lang='lat'><strong>24.</strong></span> <span class='ocrx_word' id='word_1_378' title='bbox 405 4745 479 4795; x_wconf 87' lang='lat' dir='ltr'><strong>certe</strong></span> <span class='ocrx_word' id='word_1_379' title='bbox 499 4741 532 4794; x_wconf 86' lang='lat' dir='ltr'><em>H</em></span> <span class='ocrx_word' id='word_1_380' title='bbox 551 4744 561 4810; x_wconf 94' lang='lat' dir='ltr'><strong>l</strong></span> <span class='ocrx_word' id='word_1_381' title='bbox 583 4746 626 4797; x_wconf 76' lang='lat'><strong>27.</strong></span> <span class='ocrx_word' id='word_1_382' title='bbox 645 4741 741 4866; x_wconf 43' lang='lat' dir='ltr'><strong>quom}</strong></span> <span class='ocrx_word' id='word_1_383' title='bbox 761 4757 846 4809; x_wconf 88' lang='lat' dir='ltr'><strong>quam</strong></span> <span class='ocrx_word' id='word_1_384' title='bbox 865 4741 911 4808; x_wconf 85' lang='lat' dir='ltr'><strong>M,</strong></span> <span class='ocrx_word' id='word_1_385' title='bbox 931 4757 994 4793; x_wconf 88' lang='lat' dir='ltr'><strong>cum</strong></span> <span class='ocrx_word' id='word_1_386' title='bbox 1013 4739 1056 4808; x_wconf 87' lang='grc' dir='ltr'><strong>Η,</strong></span> <span class='ocrx_word' id='word_1_387' title='bbox 1080 4756 1144 4794; x_wconf 91' lang='lat' dir='ltr'><strong>cum</strong></span> <span class='ocrx_word' id='word_1_388' title='bbox 1162 4738 1219 4794; x_wconf 89' lang='lat' dir='ltr'><strong>iam</strong></span> <span class='ocrx_word' id='word_1_389' title='bbox 1238 4740 1268 4793; x_wconf 89' lang='lat' dir='ltr'><em>D</em></span> <span class='ocrx_word' id='word_1_390' title='bbox 1289 4743 1299 4810; x_wconf 85' lang='grc' dir='ltr'><strong>ΙΙ</strong></span> <span class='ocrx_word' id='word_1_391' title='bbox 1321 4746 1363 4795; x_wconf 76' lang='grc'><strong>29.</strong></span> <span class='ocrx_word' id='word_1_392' title='bbox 1384 4743 1413 4795; x_wconf 89' lang='lat' dir='ltr'><strong>et</strong></span> <span class='ocrx_word' id='word_1_393' title='bbox 1431 4741 1461 4796; x_wconf 89' lang='lat' dir='ltr'><strong>in</strong></span> 
     </span>
     <span class='ocr_line' id='line_1_40' title="bbox 181 4811 1006 4885; baseline -0.004 -18"><span class='ocrx_word' id='word_1_394' title='bbox 181 4812 269 4882; x_wconf 84' lang='lat' dir='ltr'><strong>copiis</strong></span> <span class='ocrx_word' id='word_1_395' title='bbox 289 4829 350 4866; x_wconf 90' lang='lat' dir='ltr'><strong>esse</strong></span> <span class='ocrx_word' id='word_1_396' title='bbox 368 4811 425 4866; x_wconf 84' lang='lat' dir='ltr'><strong>tuis</strong></span> <span class='ocrx_word' id='word_1_397' title='bbox 445 4813 479 4867; x_wconf 88' lang='lat' dir='ltr'><strong><em>H</em></strong></span> <span class='ocrx_word' id='word_1_398' title='bbox 488 4815 498 4881; x_wconf 81' lang='grc' dir='ltr'><strong>ΙΙ</strong></span> <span class='ocrx_word' id='word_1_399' title='bbox 512 4818 552 4866; x_wconf 81' lang='grc'><strong>30.</strong></span> <span class='ocrx_word' id='word_1_400' title='bbox 574 4816 606 4866; x_wconf 88' lang='lat' dir='ltr'><strong>ut</strong></span> <span class='ocrx_word' id='word_1_401' title='bbox 624 4828 704 4883; x_wconf 85' lang='lat' dir='ltr'><strong>spero</strong></span> <span class='ocrx_word' id='word_1_402' title='bbox 742 4813 772 4867; x_wconf 86' lang='lat' dir='ltr'><strong>el.</strong></span> <span class='ocrx_word' id='word_1_403' title='bbox 792 4812 887 4885; x_wconf 78' lang='lat' dir='ltr'><strong>Kleyo</strong></span> <span class='ocrx_word' id='word_1_404' title='bbox 904 4813 1006 4882; x_wconf 64' lang='lat'>(1217)</span> 
     </span>
    </p>
   </div>
   <div class='ocr_carea' id='block_1_8' title="bbox 0 0 1649 5460">
    <p class='ocr_par' dir='ltr' id='par_1_12' title="bbox 0 0 1649 5460">
     <span class='ocr_line' id='line_1_41' title="bbox 0 0 1649 5460; baseline 0 0"><span class='ocrx_word' id='word_1_405' title='bbox 0 0 1649 5460; x_wconf 95' lang='lat' dir='ltr'><strong> </strong></span> 
     </span>
    </p>
   </div>
  </div>
 </body>
</html>
