3286 5460
644 387 901 444 nrrsrvnaavn
920 387 952 444 v⁴
973 393 1016 446 ra.
1404 388 1467 454 113

189 551 367 637 imaginem
390 574 616 637 suampassus
636 557 785 637 estesse,
808 574 906 636 quam
930 552 986 637 qui
1010 553 1044 618 in
1067 574 1105 618 eo
1129 573 1245 638 genere
1265 553 1469 638 laborarunt,

190 681 274 724 unus
301 659 387 724 enim
410 659 637 744 Xenophontis
666 659 796 724 libellus
820 660 855 724 in
878 682 916 725 eo
940 680 1016 744 rege
1044 658 1205 724 laudando
1233 659 1327 724 facile
1356 683 1468 725 omnes

189 765 350 850 imagines
387 765 533 831 omnium
569 771 761 850 statuasque
799 765 973 851 superavit.
1024 770 1121 850 atque
1153 766 1216 831 hoc
1247 768 1468 849 praestantius

189 871 270 936 nrihi
293 872 393 938 fuerit
415 877 449 937 et
473 873 513 937 ad
536 873 697 937 laetitiam
719 873 819 938 animi
842 874 938 937 etad
963 873 1137 937 memoriae
1156 872 1360 958 dignitatem,
1383 873 1410 936 si
1435 873 1469 936 iu

162 983 248 1042 ctus
271 980 393 1064 scripta
415 1001 606 1063 pervenero,
634 1002 731 1064 quam
755 980 783 1044 si
806 981 841 1044 in
869 984 1064 1062 ceterorum,
1095 979 1181 1064 quod
1208 1001 1274 1044 non
1302 978 1469 1064 ingenium

191 1083 272 1147 mihi
301 1084 407 1149 solum
430 1086 674 1171 suppeditatum
701 1086 801 1151 fucrit
830 1092 936 1171 tuum,
964 1087 1050 1152 sicut
1073 1086 1270 1151 Timoleonti
1294 1108 1313 1148 a
1336 1085 1468 1151 Timaeo

191 1194 248 1253 aut
281 1191 321 1254 ab
350 1190 519 1258 Herodoto
547 1193 774 1277 Themistocli,
807 1192 862 1259 sed
895 1193 995 1257 etiam
1026 1193 1203 1257 auctoritas
1236 1191 1408 1257 clarissimi
1437 1197 1471 1257 et

191 1298 426 1380 spectatissimi
449 1300 512 1363 viri
536 1303 569 1364 et
592 1300 625 1364 in
649 1300 695 1364 rei
714 1324 744 1385 p.
764 1300 915 1365 maximis
934 1299 1200 1384 gravissimisque
1220 1299 1325 1364 causis
1345 1300 1469 1384 cogniti

191 1408 290 1487 atque
314 1405 348 1468 in
371 1406 486 1489 primis
506 1407 644 1492 probati,
667 1411 705 1471 ut
724 1407 805 1471 mihi
826 1430 891 1472 non
911 1407 1017 1472 solum
1036 1405 1253 1490 praeconium,
1278 1405 1373 1490 quod,
1397 1427 1468 1470 cum

159 1510 226 1573 ain
256 1508 390 1597 Sigeum
417 1513 573 1596 venisset,
604 1513 786 1578 Alexander
816 1514 857 1577 ab
885 1514 1030 1578 Homero
1058 1511 1180 1578 Achilli
1211 1512 1372 1576 tributum
1400 1535 1470 1577 esse

191 1616 284 1701 dixit,
307 1619 363 1682 sed
382 1620 483 1684 etiam
502 1641 600 1706 grave
622 1621 848 1686 testimonium
865 1620 1069 1705 impertitum
1089 1618 1168 1684 clari
1186 1618 1328 1683 hominis
1348 1620 1472 1705 magni-

191 1745 253 1807 que
287 1724 448 1812 videatur,
480 1726 587 1810 placet
619 1727 705 1791 enim
733 1727 858 1792 Hector
889 1727 944 1792 ille
977 1726 1057 1791 mihi
1085 1723 1285 1809 Naevianus,
1317 1726 1373 1809 qui
1405 1749 1472 1791 non

190 1835 321 1918 tantum
345 1831 493 1897 ‘laudari'
518 1856 552 1897 se
571 1833 722 1918 laetatur,
747 1834 802 1898 sed
827 1833 917 1898 addit
936 1833 1035 1898 etiam
1060 1832 1090 1896 ‘a
1108 1832 1240 1897 laudato
1259 1831 1351 1896 vir03.
1385 1834 1506 1916 quoda

191 1939 219 2001 si
243 1960 264 2001 a
287 1942 320 2002 te
343 1960 409 2002 non
436 1938 590 2022 impetro,
618 1938 680 2004 hoc
708 1943 773 2023 est,
801 1939 830 2003 si
854 1962 935 2023 quae
959 1943 993 2004 te
1016 1960 1067 2003 res
1095 1937 1280 2022 impedierit
1304 1977 1345 1984 -
1369 1961 1472 2024 neque

138 2065 173 2103 rc
191 2045 281 2110 enim
307 2044 358 2108 fas
386 2067 457 2110 esse
485 2044 628 2110 arbitror
655 2045 829 2130 quicquam
856 2068 907 2110 me
935 2050 1107 2131 rogantem
1136 2046 1193 2110 abs
1222 2049 1254 2110 te
1281 2067 1348 2109 non
1374 2045 1473 2130 impe·

189 2156 279 2216 trare
304 2189 360 2237 -,
389 2172 490 2237 cogar
512 2152 652 2217 fortasse
675 2151 796 2237 facere,
819 2152 905 2236 quod
928 2152 1077 2218 nonnulli
1100 2175 1196 2237 saepe
1221 2151 1473 2236 reprehendunt:
1511 2208 1517 2219 .

189 2257 335 2323 scribam
353 2257 423 2342 ipse
443 2258 482 2322 de
502 2281 562 2342 me,
582 2259 761 2324 multorum
781 2263 890 2323 tamen
914 2260 1062 2343 exemplo
1081 2264 1115 2324 et
1134 2260 1296 2325 clarorum
1316 2259 1473 2343 virorum,

188 2365 261 2448 sed,
293 2364 380 2448 quod
408 2369 441 2430 te
468 2387 534 2429 non
562 2363 662 2450 fugit,
688 2366 768 2431 haec
796 2372 874 2430 sunt
901 2366 936 2430 in
963 2367 1026 2439 hoc
1054 2387 1172 2452 genere
1200 2365 1293 2428 vitia:
1326 2368 1360 2429 et
1387 2387 1473 2430 vere-

189 2471 329 2538 cundius
358 2471 421 2555 ipsi
450 2472 488 2535 de
516 2469 595 2536 sese'
610 2472 757 2537 scribant
783 2494 914 2537 necesse
938 2477 1002 2556 est,
1029 2473 1057 2537 si
1085 2472 1162 2556 quid
1190 2476 1241 2536 est
1267 2472 1474 2556 laudandum,

138 2600 151 2633 ν
189 2583 225 2643 et
249 2581 470 2661 praetereant,
498 2578 525 2642 si
550 2577 627 2661 quid
650 2580 907 2664 reprendendum
931 2583 996 2664 est;
1024 2580 1148 2644 accedit
1170 2580 1285 2663 etiam,
1307 2583 1344 2642 ut
1368 2580 1474 2643 minor

188 2672 235 2749 siit
259 2684 350 2767 fides,
372 2684 479 2749 minor
502 2684 691 2768 auctoritas,
715 2686 810 2750 multi
834 2685 970 2770 denique
991 2687 1187 2769 reprendant
1207 2689 1240 2749 et
1259 2685 1369 2749 dicant
1388 2708 1474 2749 vere-

188 2791 365 2856 cundiores
394 2813 464 2855 esse
498 2813 672 2876 praecones
704 2793 855 2857 ludorum
887 2792 1128 2878 gymnicorum,
1161 2791 1218 2876 qui
1250 2815 1323 2856 cum
1357 2793 1474 2856 ceteris

186 2920 331 2964 coronas
355 2897 575 2982 imposuerint
599 2898 778 2964 victoribus
804 2922 979 2983 eorumque
1002 2899 1137 2964 nomina
1160 2919 1279 2985 magna
1302 2921 1379 2964 voce
1403 2921 1475 2983 pro

183 3003 393 3088 nuntiarint,
431 3028 506 3070 cum
538 3005 601 3090 ipsi
634 3010 710 3070 ante
743 3007 893 3071 ludorum
930 3007 1118 3072 missionem
1156 3027 1275 3071 corona
1306 3006 1476 3089 donentur,
1503 3044 1510 3071 a

138 3146 149 3166 ›
192 3112 298 3177 alium
321 3133 514 3194 praeconem
537 3111 722 3197 adhibeant,
744 3135 784 3177 ne
808 3136 867 3177 sua
890 3134 967 3178 voce
992 3136 1026 3178 se
1050 3113 1113 3197 ipsi
1137 3113 1277 3178 victores
1297 3135 1367 3177 esse
1386 3136 1476 3198 prae·

183 3219 312 3282 dicent.
358 3217 438 3283 haec
464 3239 525 3283 nos
554 3219 657 3283 vitare
691 3220 839 3303 cupimus
868 3223 915 3304 et,
947 3220 976 3284 si
1004 3220 1121 3304 recipis
1155 3242 1285 3284 causam
1317 3224 1510 3304 nostram,9

181 3325 382 3405 vitabimus,
405 3325 502 3408 idque
526 3330 564 3389 ut
587 3326 696 3411 facias,
719 3348 881 3412 rogamus.
923 3349 970 3408 ac,
993 3348 1033 3390 ne
1057 3326 1143 3391 forte
1165 3327 1290 3408 mirere,
1314 3348 1379 3409 cur,
1403 3347 1475 3390 cum

182 3431 276 3495 mihi
308 3452 403 3515 saepe
431 3433 613 3497 ostenderis
637 3438 670 3496 te
699 3433 944 3498 accuratissime
971 3437 1160 3498 nostrorum
1189 3439 1375 3517 temporum
1404 3454 1476 3496 con·
1521 3478 1535 3493 ,

179 3537 269 3602 silis
293 3541 391 3621 atque
415 3543 550 3603 eventus
578 3539 699 3604 litteris
728 3541 970 3624 mandaturum,
998 3562 1017 3603 a
1040 3544 1073 3604 te
1097 3539 1129 3602 id
1152 3529 1237 3604 nunc
1262 3542 1354 3602 tanto
1379 3560 1476 3621 opere

138 3682 144 3705 ι
182 3646 232 3706 et
253 3649 322 3709 tam
350 3645 464 3709 multis
492 3645 600 3711 verbis
627 3650 791 3731 petamus,
819 3647 876 3710 illa
898 3669 958 3712 nos
983 3645 1142 3729 cupiditas
1166 3645 1322 3724 incendit,
1350 3645 1388 3708 de
1413 3664 1477 3726 qua

181 3749 292 3816 initio
315 3751 441 3837 scripsi,
464 3751 700 3836 festinationis,
724 3754 809 3836 quod
833 3754 956 3818 alacres
981 3753 1089 3816 animo
1114 3774 1235 3835 sumus,
1258 3754 1296 3814 ut
1319 3755 1353 3814 et
1376 3750 1475 3814 ceteri
1511 3805 1514 3811 .

184 3853 380 3923 viventibus
408 3857 504 3922 nobis
529 3881 567 3923 ex
591 3859 684 3923 libris
709 3860 776 3923 tuis
803 3883 863 3924 nos
892 3863 1092 3946 cognoscant
1115 3863 1149 3922 et
1172 3861 1301 3922 nosmet
1324 3857 1387 3941 ipsi
1412 3856 1476 3919 vivi

185 4015 408 4029 Λ--ο-

288 4129 308 4177 1.
329 4123 635 4192 quam—laborarunt
656 4124 707 4177 del.
727 4124 799 4178 Boot
818 4125 834 4178 l.
855 4124 881 4177 d.
905 4126 914 4191 ΙΙ
937 4131 960 4176 3.
988 4123 1040 4176 hoc
1059 4141 1109 4176 orer.
1132 4123 1156 4174 G
1180 4126 1189 4190 ll
1212 4129 1236 4175 4.
1256 4121 1341 4175 fuerit
1361 4125 1390 4175 et
1408 4122 1477 4188 MG,

181 4189 283 4246 suerit
299 4195 326 4250 R
349 4198 358 4264 u
381 4201 405 4248 6.
426 4195 499 4248 fueri
518 4197 596 4248 tuum
616 4195 653 4247 M
670 4198 679 4262 ΙΙ
699 4194 820 4248 teimaco
840 4197 876 4248 M
895 4199 904 4262 l
928 4202 952 4248 9.
971 4193 1108 4263 imprimis
1129 4194 1165 4246 M
1184 4197 1193 4262 ΙΙ
1216 4192 1396 4262 praeconium
1415 4194 1476 4273 cet]

180 4262 224 4328 σί
251 4261 286 4316 Ia.
299 4267 448 4321 Sternbuch
468 4267 578 4321 Wiener
597 4267 711 4319 Studien
731 4267 755 4318 X
771 4286 798 4334 p.
814 4269 853 4333 4l
869 4272 908 4319 10.
930 4267 1056 4335 Sigeum}
1077 4265 1198 4334 aigotum
1217 4267 1243 4316 a
1257 4267 1266 4330 11
1282 4272 1321 4317 11,
1341 4263 1477 4333 impertiti

182 4331 277 4410 GR]
289 4342 329 4392 la.
350 4337 467 4391 haector
482 4338 518 4389 M
528 4339 537 4405 ΙΙ
551 4336 726 4407 Naevianus]
746 4340 781 4404 cf.
797 4338 917 4392 Ribbeck
935 4339 970 4403 fr.
986 4345 1055 4407 trop.
1072 4338 1164 4390 aaa*
1181 4355 1209 4403 p.
1225 4340 1264 4404 811
1280 4342 1319 4388 13.
1341 4334 1422 4387 addit
1436 4335 1477 4399 M,

178 4400 308 4482 Μᾲιάἰι
332 4409 387 4471 GR
410 4411 419 4477 ΙΙ
444 4414 484 4462 14,
505 4407 657 4477 impetrare
677 4409 835 4478 Wesenberp
857 4411 866 4478 l
889 4425 961 4476 quae
980 4410 1026 4475 M,
1053 4423 1108 4475 qua
1129 4407 1183 4461 GR
1210 4410 1220 4473 l
1248 4412 1289 4460 15.
1313 4406 1477 4476 quicquam]

176 4487 310 4536 (1111011111
331 4482 359 4533 a
391 4482 401 4547 l
432 4480 483 4533 abs
512 4482 541 4533 te
570 4480 651 4550 <non
679 4479 842 4552 impedito>
867 4481 1011 4534 Lehmann
1038 4483 1080 4546 (p.
1101 4481 1159 4544 53),
1190 4480 1296 4531 iru'uria
1329 4481 1338 4544 l
1374 4483 1412 4530 16.
1437 4493 1478 4529 re·

175 4541 388 4621 prehendunt]
408 4550 646 4619 reprehenderunt
665 4567 688 4607 ς.
708 4555 733 4604 oi
752 4553 818 4620 quid
836 4553 999 4605 reluctando-ur
1017 4552 1063 4614 sit,
1080 4550 1175 4602 caralim
1194 4565 1288 4601 severe
1305 4565 1358 4617 pro
1378 4564 1461 4616 saepe

175 4613 213 4662 ¹7·
243 4616 284 4666 9¹³
307 4638 358 4676 om.
378 4622 406 4676 R
429 4624 439 4688 Ι
463 4627 503 4674 19.
523 4621 583 4690 ipsc
603 4622 638 4674 de
658 4637 687 4675 se
706 4623 733 4675 R
756 4625 765 4689 fl
789 4621 912 4690 siquid]
940 4621 962 4674 si
983 4620 1057 4688 quod
1078 4622 1104 4671 a
1127 4623 1135 4687 ΙΙ
1158 4625 1201 4674 20.
1220 4617 1479 4688 reprehendendum

174 4676 232 4732 GR
264 4685 278 4751 Ι
310 4699 353 4746 21.
377 4691 498 4759 denique
518 4694 563 4759 M,
591 4693 677 4746 ctiam
697 4693 750 4746 GR
773 4697 782 4762 l
805 4693 1010 4762 reprehendant
1029 4692 1083 4745 GR
1110 4696 1119 4757 ΙΙ
1147 4698 1189 4743 23.
1215 4706 1283 4743 uoce
1305 4708 1410 4760 inagna
1429 4691 1457 4744 a

171 4749 423 4887 Ξῖὖῑίι-θτοέἧ,
447 4779 551 4817 merere
572 4765 616 4829 M,
641 4780 731 4817 meres
750 4765 775 4818 G
798 4767 871 4832 129,
897 4765 1043 4831 tantopere
1065 4763 1118 4816 Ga
1141 4764 1150 4828 l
1174 4768 1216 4817 31.
1240 4762 1340 4815 scribsi
1360 4764 1394 4816 M
1416 4764 1424 4830 ΙΙ
1449 4765 1480 4813 ut

264 4867 276 4893 ‚
307 4836 344 4886 ut

221 4916 297 4969 01⁰.
321 4940 355 4981 ep.
368 4930 404 4971 «L
417 4931 630 4976 Mendoluohn.
689 4954 698 4973 ·
1251 4928 1268 4974 8
