3286 5460
571 376 827 432 EPISTVLARVM
847 377 878 431 X.
899 382 940 431 33.
962 382 1003 432 34.
1364 377 1428 442 277

150 540 371 629 coniunxisse3
399 542 426 606 si
454 542 537 606 nihil
565 543 599 607 in
622 542 746 627 Lepido
775 541 843 627 spei
872 541 929 625 sit,
957 541 1186 606 descensurum
1215 542 1256 607 ad
1284 546 1431 608 extrema

149 652 183 712 et
209 671 277 714 nou
304 650 401 715 modo
429 651 593 734 nationeS,
616 650 676 715 'sed
705 648 804 714 etiam
832 647 966 714 servitia
993 648 1246 734 concitaturum,
1277 648 1430 715 Parmam

150 755 327 841 direptam3
350 756 384 822 L.
404 756 585 822 Antonium
604 756 699 841 Alpis
719 777 903 840 occupasse.
941 777 1022 839 quae
1046 755 1074 819 si
1098 778 1175 820 vera
1198 760 1285 842 suut,
1308 757 1465 822 neminis

148 866 299 927 nostrum
323 864 514 929 cessandum
542 868 593 930 est
620 886 679 929 nec
708 863 974 948 exspectandum,
1002 862 1080 946 quid
1108 862 1260 928 decernat
1282 867 1429 946 senatus,

150 991 202 1035 res
226 970 313 1035 enim
337 971 427 1056 cogit
449 969 526 1037 huic
553 976 647 1036 tanto
670 969 819 1035 incendio
848 991 1035 1035 succurrere
1060 968 1180 1054 omnis,
1211 970 1266 1054 qui
1289 974 1347 1035 aut
1370 971 1428 1035 im·

149 1076 275 1159 perium
299 1083 357 1142 aut
379 1100 496 1143 nomen
520 1078 658 1162 denique
687 1077 800 1162 populi
824 1076 861 1141 R.
886 1077 1012 1141 salvum
1036 1077 1151 1141 volunt
1173 1099 1258 1161 esse3
1288 1077 1428 1143 Brutum

148 1181 235 1247 enim
257 1183 403 1249 cohortis
426 1203 499 1249 xvu
522 1189 557 1249 et
579 1185 659 1250 duas
686 1207 753 1250 non
780 1183 961 1269 frequentis
990 1183 1134 1248 tironum
1157 1182 1317 1270 legiones,
1349 1206 1429 1269 quas

148 1288 389 1375 conscripserat
416 1291 594 1377 Antonius,
626 1292 746 1357 habere
777 1291 887 1374 audio,
918 1312 1024 1374 neque
1052 1294 1163 1355 tamen
1190 1290 1318 1376 dubito,
1351 1290 1430 1374 quin

148 1417 272 1479 omnes,
295 1397 351 1481 qui
374 1399 540 1482 supersint
562 1399 601 1463 de
624 1398 727 1464 Hirtii
751 1397 904 1481 exercitu,
928 1397 1095 1462 confluant
1118 1397 1159 1462 ad
1182 1419 1272 1480 eum3
1295 1419 1373 1461 nam
1395 1397 1429 1462 in

149 1502 271 1568 dilectu
294 1525 359 1568 non
384 1505 523 1569 multum
548 1505 617 1588 spei
640 1508 720 1589 puto
749 1526 833 1590 esse,
860 1504 1052 1588 praesertim
1078 1525 1151 1569 cum
1173 1502 1256 1568 nihil
1281 1503 1325 1568 sit
1347 1503 1431 1589 peri·

148 1609 291 1674 culosius
316 1632 413 1694 quam
437 1610 581 1695 spatium
605 1610 819 1676 confirmandi
843 1631 912 1674 sese
932 1609 1077 1674 Antonio
1101 1610 1180 1674 dari.
1219 1610 1295 1674 anni
1319 1615 1429 1676 autem

148 1720 278 1801 tempus
302 1717 488 1783 libertatem
512 1718 669 1783 maiorem
693 1718 774 1783 mihi
797 1718 863 1802 dat,
888 1721 1062 1802 propterea
1085 1717 1162 1801 quia
1184 1716 1349 1782 frumenta
1372 1721 1429 1783 aut

147 1822 183 1886 in
202 1823 291 1910 agris
311 1829 369 1889 aut
392 1824 426 1889 in
448 1824 536 1889 villis
557 1829 642 1890 sunt.
681 1825 793 1910 itaque
812 1825 970 1910 proximis
989 1823 1110 1889 litteris
1130 1823 1302 1889 consilium
1322 1846 1429 1889 meum

148 1931 350 2017 expedietur3
377 1953 454 1996 nam
477 1953 582 2016 neque
606 1932 698 1997 desse
726 1954 831 2017 neque
855 1953 1024 2015 superesse
1047 1930 1093 1994 rei
1117 1953 1147 2015 p.
1173 1929 1261 2014 volo,
1290 1930 1428 1995 maxime

147 2042 258 2103 tamen
290 2039 384 2105 doleo
412 2039 492 2104 adeo
521 2043 555 2103 et
582 2040 682 2126 longo
716 2043 749 2105 et
780 2038 901 2104 infesto
935 2038 1050 2103 itinere
1084 2037 1124 2101 ad
1156 2058 1208 2101 me
1239 2036 1358 2122 veniri,
1391 2041 1428 2102 ut

146 2143 198 2209 die
223 2145 494 2232 quadragensimo
521 2149 599 2230 post
626 2151 683 2211 sut
711 2146 800 2212 ultra
822 2145 935 2230 etiam,
964 2165 1061 2228 quam
1089 2143 1289 2228 factasunt,
1318 2144 1428 2210 omnia

146 2250 348 2316 nuntientur.

641 2413 792 2479 xxxiv.
830 2411 935 2501 (seo.)

148 2571 338 2640 nnarovs
357 2574 444 2640 sue.
464 2573 720 2640 maurone.
740 2574 846 2640 nux.
866 2570 1187 2640 summense
1207 2569 1427 2639 olcnsonr.

238 2733 269 2798 S.
293 2757 321 2799 r.
344 2736 375 2801 b.
399 2758 425 2800 e.
449 2759 474 2800 e.
499 2759 526 2800 v.
569 2758 642 2801 cum
671 2734 833 2801 audissem
856 2734 899 2799 M.
917 2735 1096 2799 Antonium
1124 2756 1198 2799 curn
1226 2731 1294 2797 suis
1323 2733 1425 2818 copiis
1447 2750 1460 2797 1

145 2840 326 2926 praemisso
355 2841 391 2906 L.
414 2842 560 2908 Antonio
592 2865 666 2907 cum
696 2847 788 2927 parte
821 2842 988 2926 equitatus
1020 2841 1055 2905 in
1087 2838 1288 2926 provinciam
1321 2862 1425 2905 meam

146 2948 271 3033 venire,
294 2971 368 3015 cum
392 2950 535 3016 exercitu
558 2971 630 3014 meo
654 2950 695 3015 ab
720 2950 902 3015 confluente
929 2949 1001 3034 †ab
1025 2947 1185 3013 Rhodano
1209 2950 1317 3013 castra
1339 2948 1426 3012 movi

146 3077 185 3120 ac
208 3060 323 3121 contra
345 3079 401 3122 eos
424 3057 534 3122 venire
553 3055 691 3122 institui.
729 3057 841 3141 itaque
865 3054 1028 3121 continuis
1051 3054 1225 3120 itineribus
1244 3055 1284 3119 ad
1304 3053 1425 3120 Forum

147 3160 287 3228 Voconii
311 3163 384 3228 veni
407 3166 441 3229 et
463 3163 550 3229 ultra
574 3162 682 3247 castra
705 3165 745 3228 nd
769 3164 890 3229 flumen
907 3162 1111 3248 Argenteum
1129 3165 1244 3227 contra
1262 3161 1426 3227 Antonios

149 3269 220 3334 feci.
262 3269 297 3334 P.
312 3268 484 3335 Ventidius
507 3292 583 3336 sues
606 3271 751 3356 legiones
772 3275 838 3336 tres
858 3269 1027 3335 coniunxit
1050 3290 1123 3333 cum
1147 3290 1185 3332 eo
1209 3272 1243 3332 et
1266 3269 1355 3333 ultra
1374 3291 1424 3333 me

143 3481 213 3550 phil.
233 3485 301 3534 1891
317 3499 347 3562 p.
362 3483 438 3549 344):
462 3480 495 3536 V.
514 3497 626 3548 quoque
645 3497 674 3535 se
698 3498 761 3534 cum
783 3482 837 3550 leg.
862 3482 913 3550 (oet
936 3479 1106 3550 legionibus)
1125 3498 1156 3531 m
1180 3479 1292 3549 (tribus)
1317 3481 1422 3533 vetera·

146 3568 246 3608 norum
268 3551 452 3618 comunxisse,
472 3552 531 3606 coll.
546 3551 592 3619 XI,
609 3557 681 3620 10,3
701 3553 794 3634 (Brut.
809 3553 846 3607 ad
863 3552 941 3620 Gie.):
964 3551 1028 3605 ‘hoc
1042 3549 1163 3605 accessit
1176 3567 1275 3604 manus
1289 3549 1425 3617 Ventidii,

147 3638 219 3691 quae
234 3668 240 3679 .
257 3667 263 3678 .
281 3666 286 3677 .
302 3638 331 3677 se
350 3640 414 3677 cum
436 3621 559 3677 Antonio
583 3623 734 3678 coniunxit.
768 3625 812 3676 est
833 3639 965 3677 numerus
990 3625 1185 3676 veteranorum
1207 3623 1236 3674 et
1253 3624 1425 3675 armatorum

147 3693 217 3748 satis
235 3693 366 3776 frequens
385 3711 448 3748 curn
467 3692 611 3748 Ventidio’
637 3702 663 3749 et
680 3694 717 3762 X,
733 3700 780 3763 34,
796 3700 810 3748 1
829 3695 961 3765 (Lepid.):
987 3693 1027 3748 Ῥ.
1043 3691 1193 3746 Ventidius
1216 3709 1282 3746 suas
1300 3691 1425 3762 legiones

147 3767 203 3819 tres
232 3765 378 3820 comunxit
404 3782 467 3820 cum
496 3766 549 3820 eo.'
590 3767 652 3833 fieri
684 3773 774 3820 tamen
802 3772 890 3835 potest
916 3773 947 3820 at
975 3767 1022 3835 qai
1054 3765 1170 3818 traditos
1200 3781 1325 3819 numeros
1357 3771 1426 3819 aaut

149 3836 179 3890 0.
195 3837 230 3891 E.
245 3836 368 3891 Schmidt
386 3837 501 3904 (Philet.
516 3838 534 3890 l.
549 3854 580 3904 c,
599 3856 621 3892 o.
633 3838 700 3891 ibid.
712 3855 741 3906 p.
753 3841 803 3889 198
813 3839 863 3906 sq.)
877 3839 978 3891 rectius
991 3837 1162 3890 iudicaverit.
1186 3841 1301 3890 ceterum
1314 3835 1424 3890 Baiter-i

147 3923 176 3962 se
200 3906 269 3980 (ei)
293 3925 357 3961 cum
382 3911 442 3962 isere
465 3910 624 3976 repediavit
646 3908 790 3962 Lelianorm
813 3911 854 3978 (p.
871 3909 927 3978 18)]
956 3910 965 3976 ll
992 3912 1017 3961 3.
1047 3906 1185 4030 direptam
1208 3906 1250 3975 D,
1279 3905 1425 3975 dereptam

146 3979 214 4033 ΜΗ
233 3981 244 4047 ΙΙ
267 3984 290 4034 7,
309 3998 376 4032 xvm
393 3980 427 4032 H
446 3982 455 4046 ΙΙ
479 3985 503 4032 9.
523 3981 673 4048 supersunt
691 3979 724 4032 H
744 3981 753 4047 ΙΙ
778 3984 818 4033 10.
839 3978 944 4032 dilectu
964 3978 1043 4045 ΜΗ,
1071 3977 1182 4032 deectu
1200 3978 1237 4032 D.
1266 3978 1300 4043 cf.
1320 3979 1426 4032 Iordars

148 4049 241 4105 Herm.
261 4049 312 4103 XV
327 4069 356 4119 p.
373 4055 424 4103 540
450 4052 459 4119 ΙΙ
485 4055 526 4105 14.
548 4052 623 4103 ‘nam
643 4066 733 4117 neque
753 4049 849 4104 deesse
868 4049 908 4103 rei
926 4048 1058 4119 publicae
1076 4048 1140 4103 volo
1159 4064 1250 4116 neque
1268 4050 1423 4118 superesse’

147 4139 180 4175 ea
201 4122 253 4176 tac
274 4123 393 4190 epistula
416 4123 507 4187 adfert
532 4122 600 4176 Gell.
621 4122 645 4184 l,
664 4126 760 4188 22,19
780 4124 810 4188 (t.
829 4121 886 4190 lp.
903 4126 998 4187 loen
1018 4121 1068 4188 Η.)
1096 4122 1105 4189 ΙΙ
1133 4120 1213 4174 desse
1236 4120 1274 4173 M
1280 4119 1300 4188 ¹,
1329 4119 1425 4174 deesse

147 4191 263 4246 M⁰HD
285 4195 295 4260 ll
318 4197 362 4248 16.
382 4192 598 4261 quadragesimo
618 4193 678 4246 HD
701 4196 710 4261 ll
733 4198 775 4246 20.
794 4192 831 4247 M.
851 4197 987 4262 (marcum
1006 4192 1052 4259 H)
1071 4191 1145 4258 HD,
1169 4209 1218 4245 om.
1238 4192 1276 4245 M
1294 4194 1303 4260 ΙΙ
1326 4195 1369 4246 22.
1389 4192 1425 4245 ab

147 4262 302 4317 confluente
321 4263 357 4316 ab
376 4262 503 4317 rhodano
522 4265 568 4330 M,
588 4263 624 4317 ab
644 4263 800 4317 confluente
818 4263 945 4318 rhodano
964 4265 1001 4332 D,
1020 4262 1145 4317 rhodano
1165 4263 1201 4316 ab
1217 4262 1373 4317 confluente
1386 4261 1425 4317 Η.

147 4333 182 4388 ab
205 4334 362 4389 confluente
381 4334 463 4388 Arari
486 4337 515 4388 et
537 4334 673 4389 Rhodano
694 4335 813 4390 Honor
835 4336 960 4404 (Boaner
976 4336 1068 4390 Jahrb.
1087 4336 1155 4401 saec.
1170 4339 1211 4388 42.
1234 4339 1310 4389 1867.
1326 4352 1355 4404 p.
1371 4335 1426 4402 47),

147 4406 216 4460 hene.
245 4406 282 4459 ab
302 4405 457 4460 confluente
476 4408 563 4460 Arare
581 4407 719 4460 Rhodano
738 4407 829 4476 Bcrpk
847 4407 894 4474 (Ἰ,
915 4407 1008 4461 Gesclr.
1024 4424 1051 4460 a.
1069 4405 1182 4475 Topopr.
1197 4406 1222 4459 d.
1238 4405 1423 4460 Rheinlaade’

148 4476 223 4544 Dips.
244 4481 312 4529 1882
329 4495 358 4546 p.
376 4482 399 4544 7,
415 4480 456 4546 3),
475 4496 499 4532 c.
520 4485 608 4532 tamea
630 4478 745 4533 Helenes·
764 4479 780 4531 l.
796 4496 817 4532 c.
837 4480 904 4544 sose.
920 4484 961 4531 80.
983 4480 1059 4530 1885.
1075 4494 1105 4545 p.
1121 4482 1180 4530 125.
1214 4477 1250 4530 ab
1270 4475 1426 4530 confluente

149 4546 183 4599 ad
201 4546 369 4601 Rhodanum
390 4548 488 4616 Orelli,
511 4549 546 4602 ab
565 4549 722 4603 confluente
741 4548 894 4603 Durentise
914 4566 946 4602 ac
965 4546 1095 4601 Rhodani
1109 4547 1277 4616 Wesenberg.
1306 4547 1342 4600 ab
1361 4564 1425 4600 con·

149 4617 248 4672 fluente
272 4619 322 4688 [sb
341 4619 490 4690 Rhodano]
510 4621 609 4675 Baiter
632 4623 641 4689 ll
665 4625 706 4673 24.
727 4620 845 4674 Voconii
864 4621 1025 4685 Manutius,
1048 4617 1210 4672 nocentium
1228 4617 1305 4685 MD,
1323 4635 1425 4672 uocan-

149 4687 216 4742 tium
231 4689 265 4743 H
276 4694 285 4758 l
299 4689 375 4744 ultra
392 4697 545 4759 suspectam
564 4693 751 4760 Weseabc-rpio
765 4693 774 4760 ΙΙ
788 4691 938 4762 Antonios]
957 4689 1133 4743 Antonianos
1147 4690 1199 4744 alii
1212 4691 1222 4757 ΙΙ
1236 4695 1278 4744 25.
1298 4706 1361 4743 cum
1380 4691 1425 4761 eo]

150 4761 168 4812 i.
184 4777 204 4816 e.
223 4779 285 4815 cum
303 4762 345 4814 Μ.
360 4762 492 4816 Arrtonio.
521 4765 555 4826 cs.
575 4765 612 4817 ad
630 4762 666 4829 X,
688 4769 733 4829 lo,
748 4768 780 4817 3:
800 4763 957 4831 equitatum
976 4759 1035 4814 eius
1057 4763 1067 4831 ll
1089 4761 1163 4814 ultra
1181 4777 1225 4814 me
1244 4762 1291 4829 M,
1314 4760 1390 4815 ultra
1408 4777 1426 4814 a

151 4845 192 4886 me
209 4832 279 4888 HD.
308 4833 343 4899 cs.
366 4834 529 4888 Thielmarm
550 4834 643 4888 ‘Areia
662 4835 682 4900 f.
703 4836 749 4887 lat.
770 4834 925 4905 Leaicwr)
946 4832 984 4887 IV
998 4851 1028 4902 p.
1044 4837 1097 4886 370
