3286 5460
285 382 350 446 278
736 382 773 434 Μ.
794 381 900 435 TVLLI
918 380 1107 436 CICERONIS

286 551 395 613 castra
417 547 540 630 posuit,
568 546 712 612 habebat
740 551 836 611 antea
863 546 1025 631 legionem
1048 564 1071 610 v
1095 550 1128 610 et
1151 568 1190 610 ex
1212 545 1349 630 reliquis
1379 544 1559 631 legionibus

287 675 439 739 magnam
463 653 714 737 multitudinem,
740 654 796 718 sed
819 653 1026 718 inermorum.
1068 653 1252 738 equitatum
1274 652 1376 718 babet
1395 673 1560 738 magnum3

286 783 363 825 nam
383 761 488 825 omnis
508 782 546 824 ex
565 759 690 844 proelio
714 761 842 845 integer
863 759 1014 825 discessit
1032 760 1089 844 ita,
1111 764 1149 825 ut
1172 760 1239 825 sint
1256 758 1398 844 amplius
1419 759 1561 843 equitu'm

288 868 378 932 milia
406 868 555 952 quinque.
602 866 640 930 ad
665 889 717 932 me
741 867 924 951 complures
952 864 1073 932 milites
1097 871 1131 931 et
1154 867 1279 951 equites
1303 867 1344 931 ab
1368 888 1408 932 eo
1433 864 1561 930 transie

252 993 268 1039 ‘r
288 980 364 1039 runt
393 979 426 1039 et
453 974 578 1038 indies
603 973 750 1058 singulos
774 975 843 1039 eius
868 974 979 1059 copiae
1003 973 1205 1039 minuuntur:
1234 971 1365 1039 Silanus
1393 976 1429 1038 et
1453 971 1561 1040 Culleo
1583 993 1591 1032 u

288 1082 328 1146 ab
358 1104 395 1146 eo
424 1082 655 1166 discesserunt3
684 1103 758 1165 nos,
789 1081 852 1146 etsi
880 1081 1025 1166 graviter
1053 1081 1093 1144 ab
1122 1081 1169 1145 eis
1197 1078 1277 1145 laesi
1306 1101 1453 1164 eramus,
1482 1080 1562 1165 quod

288 1194 402 1253 contra
433 1194 581 1253 nostram
613 1189 816 1253 voluntatem
848 1187 889 1252 ad
922 1186 1101 1252 Antonium
1133 1185 1254 1272 ierant,
1292 1190 1403 1252 tamen
1436 1190 1563 1252 nostrae

288 1295 503 1360 humanitatis
527 1300 560 1359 et
582 1294 830 1360 necessitudinis
860 1316 958 1359 causa
985 1316 1097 1358 eorum
1126 1293 1241 1359 salutis
1269 1293 1433 1359 rationem
1456 1293 1565 1358 habui-

289 1425 374 1486 mus,
407 1424 466 1467 nec
494 1406 602 1467 tumen
636 1424 747 1466 eorum
780 1423 879 1486 opera
911 1400 1034 1466 utimur
1065 1422 1170 1484 neque
1198 1400 1232 1464 in
1259 1400 1377 1465 castris
1409 1398 1565 1465 habemus

289 1530 393 1592 neque
421 1510 480 1574 ulli
508 1509 642 1594 negotio
669 1508 894 1593 praefecimus.
940 1507 1026 1592 quod
1050 1507 1089 1572 ad
1113 1506 1236 1572 bellum
1258 1506 1321 1573 boc
1344 1506 1481 1591 attinet,
1510 1525 1620 1571 necto

290 1615 416 1680 senatui
453 1638 512 1681 nec
544 1615 590 1679 rei
622 1638 652 1698 p.
689 1615 839 1680 derimus.
896 1636 978 1698 quae
1015 1618 1131 1698 postea
1167 1615 1346 1701 egerimus,
1382 1612 1505 1679 faciem
1536 1618 1567 1677 te

290 1721 470 1786 certiorem.

765 1880 954 1966 <xxx1v·.
987 1881 1091 1969 (400.)

699 2041 888 2109 suemus
915 2039 1158 2127 crunnum>

256 2208 272 2254 3
378 2186 453 2251 Etsi
478 2185 737 2270 omnitempore
761 2207 888 2250 summa
916 2186 1025 2251 studia
1049 2185 1148 2250 officii
1173 2191 1287 2251 mutuo
1311 2187 1482 2252 internos
1507 2209 1569 2254 oer-
1585 2203 1635 2243 ¹

291 2295 387 2359 tatim
421 2293 638 2357 constiterunt
666 2315 725 2375 pro
756 2298 870 2357 nostra
901 2293 988 2358 inter
1018 2314 1079 2357 nos
1111 2292 1335 2358 familiaritate
1368 2298 1402 2358 et
1434 2294 1570 2379 proinde

291 2402 465 2486 diligenter
488 2399 529 2463 ab
553 2403 691 2482 utroque
715 2403 907 2464 conservata
930 2403 1021 2484 sunt,
1043 2403 1154 2464 tamen
1176 2422 1242 2465 non
1265 2400 1393 2486 dubito,
1416 2401 1453 2465 in
1476 2406 1571 2466 tanto

292 2512 324 2572 et
348 2512 417 2571 tam
439 2504 609 2589 repentino
629 2508 722 2569 motu
741 2506 788 2569 rei
806 2529 836 2590 p.
857 2507 936 2590 quin
958 2506 1116 2571 numella
1138 2506 1177 2570 de
1201 2528 1252 2571 me
1270 2506 1363 2573 falsis
1383 2507 1571 2574 rumoribus

292 2640 311 2680 a
334 2615 414 2679 meis
443 2612 720 2696 optreetatoribus
750 2635 800 2676 me
829 2612 963 2698 indigna
990 2613 1030 2678 ud
1059 2618 1092 2678 te
1121 2612 1229 2677 delata
1257 2613 1334 2697 sint,
1366 2635 1450 2698 quae
1478 2619 1572 2680 tuum

293 2721 437 2786 animum
471 2737 666 2803 magnopere
699 2723 869 2783 moverent
900 2740 959 2802 pro
993 2723 1050 2783 tuo
1084 2741 1193 2784 amore
1226 2719 1261 2783 in
1293 2742 1361 2786 rem
1390 2743 1422 2805 p.
1470 2744 1509 2787 ea
1539 2728 1571 2786 te
1585 2736 1635 2779 r:

292 2828 456 2893 moderate
480 2825 642 2908 accepisse
666 2847 769 2909 neque
794 2829 915 2891 temere
944 2826 1137 2890 credendum
1167 2826 1328 2891 iudicasse
1351 2850 1371 2893 a
1393 2827 1477 2893 meis
1501 2851 1573 2914 pro-

293 2931 498 2999 curatoribus
527 2932 647 2996 certior
674 2953 747 2996 sum
773 2931 894 3019 factus3
924 2954 1004 3017 quae
1032 2932 1127 3016 mihi,
1156 2937 1194 2997 ut
1221 2933 1352 3018 debent,
1381 2934 1573 3020 gratissime

293 3044 382 3123 sunt,
411 3037 543 3102 memini
568 3038 653 3102 enim
677 3042 710 3101 et
733 3039 791 3103 illa
814 3039 995 3123 superiora,
1023 3061 1105 3122 quae
1133 3062 1191 3124 aps
1221 3045 1278 3105 tua
1304 3040 1477 3106 uoluntate
1500 3065 1573 3127 pro·

293 3146 379 3210 lecta
403 3144 542 3208 suntad
567 3166 672 3208 meam
697 3134 890 3231 dignitatem
915 3146 1096 3231 augendam
1119 3152 1152 3211 et
1176 3147 1369 3232 ornandam,
1393 3169 1479 3231 quae
1502 3171 1573 3234 per·

257 3273 273 3319 4
294 3257 391 3335 petuo
416 3250 523 3314 animo
548 3272 619 3315 meo
643 3251 707 3315 fixa
731 3254 917 3318 manebunt.
963 3255 1021 3317 abs
1046 3259 1087 3336 te,
1110 3253 1155 3317 mi
1180 3251 1307 3337 (licere,
1329 3275 1451 3340 magno
1476 3262 1635 3340 operet⁵

293 3362 378 3444 peto,
402 3357 430 3421 si
450 3379 555 3421 meam
574 3357 675 3421 vitum
695 3359 838 3423 studium
858 3358 1106 3444 diligentissime
1126 3359 1347 3443 superioribus
1366 3362 1573 3446 temporibus

293 3469 327 3531 in
350 3488 384 3530 re
408 3489 438 3550 p.
463 3464 731 3548 administranda,
759 3488 840 3549 quae
865 3465 987 3552 Lepido
1016 3466 1115 3551 digua
1143 3470 1233 3550 sunt,
1260 3471 1433 3551 perspecta
1462 3469 1574 3553 babes,

294 3580 330 3637 ut
353 3573 445 3657 paria
467 3575 525 3635 aut
548 3593 586 3635 eo
611 3571 768 3656 ampliora
792 3573 918 3656 reliquo
942 3577 1089 3657 tempore
1109 3577 1275 3657 exspectes
1299 3577 1332 3637 et
1355 3574 1492 3657 proinde
1517 3582 1574 3641 tua

294 3680 490 3745 auctoritate
510 3701 560 3742 me
580 3679 735 3743 tuendum
755 3678 930 3762 existimes,
955 3701 1018 3762 quo
1043 3678 1105 3742 tibi
1127 3679 1222 3764 plura
1244 3684 1302 3745 tuo
1322 3681 1441 3745 merito
1461 3682 1572 3748 debeo.

294 3788 373 3850 vale.
410 3787 438 3849 d.
458 3804 493 3849 xl
515 3785 553 3848 Κ.
573 3784 642 3850 Iun.
667 3808 705 3850 ex
730 3787 859 3869 castris,
884 3808 922 3850 ex
945 3784 1050 3851 Ponte
1075 3785 1250 3873 Argenteo.
1586 3803 1617 3844 2⁰

293 3914 402 3922 ——-—
415 3913 505 3919 ---

385 3985 407 4033 1.
427 3997 445 4031 v
464 3981 492 4031 et
511 3979 584 4045 HD,
610 3996 644 4032 u·
664 3981 697 4031 ut
715 3980 755 4033 M.
788 3979 939 4032 secundam
958 3981 987 4032 et
1010 3997 1026 4037 ς
1049 3984 1058 4050 11
1082 3986 1105 4035 2.
1130 3980 1311 4035 inermiomm
1334 3981 1369 4036 H
1388 3984 1397 4049 1
1420 3981 1511 4036 habet
1530 3983 1573 4049 Μ,

293 4051 420 4104 babebat
434 4050 495 4102 HD
508 4053 517 4117 11
531 4055 555 4103 3,
571 4056 595 4104 4.
617 4049 742 4117 equitum
757 4050 837 4104 milia
850 4049 982 4118 quinque.
1012 4051 1106 4105 adme
1122 4052 1248 4122 Madvig,
1266 4052 1392 4122 equitum
1408 4052 1455 4106 -bd-
1475 4052 1574 4122 itaque

295 4122 331 4175 ud
351 4139 394 4174 mo
414 4121 482 4186 HD,
502 4120 636 4188 equitum.
667 4121 762 4189 itaque
782 4122 819 4175 ad
836 4139 881 4175 me
900 4123 937 4175 Μ
951 4125 960 4191 11
980 4127 1003 4176 6.
1024 4121 1075 4194 eis]
1095 4122 1131 4176 iis
1149 4124 1195 4191 M,
1214 4123 1258 4177 his
1277 4124 1339 4178 HD
1356 4126 1365 4193 11
1386 4131 1426 4180 11,
1448 4123 1573 4179 derirnus

295 4193 349 4258 121¹,
370 4191 508 4245 deerimus
524 4193 615 4260 M0D,
636 4191 805 4261 decedimus,
824 4195 870 4247 sed
886 4195 918 4247 ia
931 4210 995 4259 roe,
1015 4193 1049 4246 H
1059 4196 1068 4262 11
1083 4199 1124 4247 11.
1141 4199 1181 4248 12.
1201 4198 1301 4263 postea
1316 4195 1448 4264 gerimus,
1468 4195 1573 4249 faciam

295 4263 441 4317 certiorem
460 4265 488 4315 te
504 4264 536 4316 H
548 4266 613 4332 1113,
633 4282 718 4318 rsovur
738 4267 869 4333 epistulae
882 4267 995 4318 initium
1010 4272 1077 4319 recte
1091 4266 1155 4319 hinc
1168 4267 1234 4332 fecit
1253 4266 1390 4322 Victorius
1403 4270 1412 4336 11
1428 4272 1470 4322 15.
1486 4267 1573 4322 officii

295 4336 404 4405 mutuo]
425 4333 573 4401 officiaque
592 4337 691 4389 mutua
710 4337 879 4403 Lernaeus,
907 4334 993 4388 officii
1012 4333 1103 4388 mutui
1126 4368 1157 4374 -
1176 4338 1217 4390 sic
1235 4338 1325 4395 ieme
1350 4370 1381 4377 —
1406 4339 1440 4393 P.
1460 4340 1574 4394 Sturker

295 4408 402 4478 (symb
418 4407 490 4460 crit?
509 4424 537 4474 p.
553 4408 598 4475 26)
611 4413 635 4459 et
650 4407 766 4477 Madvig
785 4408 868 4473 (‘od·u.
884 4407 955 4460 erit?
976 4406 1014 4457 lll
1030 4425 1059 4475 p.
1077 4409 1146 4475 163),
1165 4409 1302 4462 inutiliter
1316 4426 1411 4463 mauce.
1431 4411 1467 4475 cf.
1481 4410 1573 4464 Teior-

295 4496 379 4531 mo-nn
397 4479 414 4530 l.
434 4495 455 4530 c.
476 4476 513 4528 ΙΙΙ
529 4495 557 4544 p.
574 4482 633 4543 296,
653 4477 705 4529 Vll
720 4496 750 4546 p.
766 4482 817 4529 369
827 4495 864 4546 sq.
892 4480 901 4545 11
929 4482 970 4530 20.
995 4494 1098 4546 magno
1127 4494 1209 4546 opere
1233 4494 1248 4536 ς
1276 4480 1285 4547 11
1312 4485 1354 4534 25.
1379 4478 1451 4552 (in)
1477 4479 1573 4534 animo

300 4550 459 4617 ll'eseuberp
477 4551 486 4615 11
504 4565 673 4616 magnopere
693 4548 754 4601 HD
776 4552 785 4618 11
808 4554 850 4602 26,
870 4547 958 4602 vitem
978 4548 1103 4602 studium
1122 4549 1350 4622 diligentissime]
1375 4568 1399 4605 r.
1420 4550 1573 4619 studiaque

295 4618 509 4688 diligentissime
531 4620 698 4686 ll'eseubero,
716 4638 750 4687 v.,
771 4619 903 4685 studium,
923 4619 1101 4690 diligentiam
1120 4622 1282 4687 Lambinus,
1301 4640 1336 4689 r,
1355 4621 1488 4689 studium,
1508 4621 1572 4675 dili-

295 4690 420 4756 gentiam
440 4692 469 4742 et
487 4689 577 4758 egisse
597 4708 641 4744 me
661 4678 696 4745 Ε.
715 4691 794 4759 Opita
814 4693 918 4760 (propr.
935 4692 1087 4763 Numburp.
1106 4697 1172 4746 1879
1189 4710 1217 4761 p.
1235 4695 1358 4760 1511127.
1378 4710 1451 4761 quae
1465 4693 1573 4762 Lepido

296 4761 383 4827 digna
406 4764 483 4883 {11an
494 4764 602 4817 ⁴iniuria
625 4764 675 4818 del.
696 4762 797 4832 Klepu.
831 4759 889 4815 sint
909 4781 961 4831 pro
985 4766 1050 4816 sunt
1071 4765 1180 4832 sempsit
1198 4764 1370 4832 Wesenberg,
1392 4766 1457 4831 sort.
1481 4773 1551 4820 recte

296 4838 337 4885 30.
358 4848 427 4884 0918.
448 4864 459 4883 ι
837 4864 854 4894 0
