3314 5460
646 318 902 375 EPISTVLARVM
920 320 953 375 x
972 326 997 373 ι.
1018 326 1042 375 a.
1062 327 1086 374 ι.
1442 319 1507 383 243

179 502 257 550 es
283 479 492 567 designatus,
518 480 644 566 optima
667 486 789 568 aetate,
816 504 945 548 summa
972 482 1172 567 eloquentia,
1199 484 1343 548 maxima
1365 482 1507 548 orbitate

181 586 270 660 rei
292 610 324 671 p.
344 586 489 652 virorum
509 586 639 653 talium:
662 589 822 675 incumbe,
844 612 902 674 per
920 591 997 656 deos
1018 590 1228 654 immortalis!
1252 591 1284 654 in
1306 612 1377 654 eam
1397 612 1505 655 curam

179 699 256 766 et
280 695 531 780 cogitationem,
553 716 635 780 quae
658 696 721 760 tibi
745 718 906 761 summam
930 697 1124 782 dignitatem
1148 701 1182 760 et
1205 697 1344 782 gloriam
1369 696 1507 779 adferat3

178 823 310 873 umus
347 805 457 866 antem
489 805 556 886 est,
586 801 650 867 hoc
681 803 874 888 praesertim
906 807 1070 888 tempore,
1104 825 1163 887 per
1194 806 1245 867 tot
1277 826 1380 868 annos
1413 826 1447 868 re
1476 827 1506 887 p.

119 943 150 982 5
178 912 398 992 devexata,
430 907 477 973 rei
505 930 536 993 p.
565 909 647 974 bene
680 909 840 994 gerendae
873 931 986 975 cursus
1015 910 1055 973 ad
1086 910 1235 995 gloriam.
1284 911 1364 975 haec
1397 928 1543 976 amore4

180 1016 333 1101 magis
367 1016 527 1101 impulsus
560 1016 729 1081 scribenda
757 1017 798 1081 ad
825 1021 858 1081 te
888 1017 1015 1101 putavi,
1046 1039 1144 1101 quam
1177 1039 1241 1102 quo
1270 1022 1302 1081 te
1330 1019 1507 1112 arbitrarer

180 1122 363 1195 monitis
383 1127 417 1187 et
434 1123 617 1208 praeceptis
635 1143 746 1209 eger03
764 1123 906 1188 sciebam
926 1124 1012 1189 enim
1030 1145 1069 1187 ex
1089 1125 1210 1188 eisdem
1228 1130 1261 1188 te
1280 1124 1358 1190 haec
1376 1125 1506 1190 haurire

182 1229 390 1313 fontibus,
421 1251 460 1293 ex
488 1230 606 1315 quibus
634 1230 703 1314 ipse
733 1228 919 1296 hauseram:
952 1252 1051 1315 quare
1085 1232 1217 1296 modum
1249 1231 1376 1297 faciam.
1421 1254 1507 1296 nunc

185 1341 357 1404 tantum
391 1337 640 1422 significandum
672 1338 800 1422 putavi,
832 1342 870 1402 ut
896 1339 1007 1423 potius
1040 1360 1183 1403 amorem
1211 1339 1272 1403 tibi
1304 1339 1506 1404 ostenderem

126 1466 167 1503 ιο
189 1467 350 1527 meum,
374 1466 472 1529 quam
495 1449 694 1510 ostentarem
717 1445 933 1529 prudentiam.
979 1445 1118 1528 interea,
1141 1468 1223 1529 quae
1247 1447 1286 1510 ad
1311 1446 1506 1532 dignitatem

192 1558 318 1615 tuam
341 1552 505 1635 pertinere
528 1553 723 1636 arbitrabor,
746 1551 890 1617 studiose
914 1551 1153 1638 diligenterque
1176 1554 1305 1617 curabo.

767 1799 824 1867 ιι.
858 1797 963 1888 (ιιι.)

643 1957 847 2027 Pnuucvs
871 1959 1092 2028 oronuoru.

317 2118 532 2186 Gratissimae
551 2121 632 2185 mihi
654 2125 729 2186 tuae
752 2120 882 2186 litterae
900 2121 1043 2205 fuerunt,
1066 2143 1146 2207 quaa
1165 2144 1203 2186 ex
1223 2120 1337 2185 Furnii
1356 2143 1503 2185 sermone
1525 2139 1537 2185 1

175 2235 203 2273 ¹⁵
218 2223 260 2285 be
291 2227 456 2313 scripsisse
489 2228 712 2293 animadverti.
758 2248 819 2314 ego
848 2234 957 2295 autem
989 2229 1157 2313 praeteriti
1186 2229 1343 2312 temporis
1376 2249 1506 2292 excusa·

219 2327 349 2399 tionem
372 2334 494 2420 adfero,
516 2337 603 2419 qnod
626 2339 659 2399 te
682 2334 864 2419 profectum
884 2336 1048 2400 audieram
1072 2357 1131 2399 neo
1154 2335 1258 2399 multo
1282 2339 1358 2399 ante
1382 2334 1504 2398 redisse

222 2438 302 2525 seii,
330 2463 426 2525 quam
455 2464 494 2507 ex
522 2441 663 2527 epistula
689 2447 747 2507 tua
774 2444 927 2529 cognori3
958 2443 1084 2508 nullum
1112 2442 1198 2507 enim
1227 2443 1260 2506 in
1288 2447 1321 2506 te
1350 2441 1505 2525 officinm,

221 2558 269 2607 ne
297 2549 467 2613 minimum
495 2549 639 2634 quidem,
667 2551 736 2615 sine
764 2551 907 2615 maxima
934 2550 1029 2634 culpa
1057 2538 1168 2613 videor
1195 2571 1290 2633 posse
1318 2548 1505 2632 praeterire,

223 2643 262 2712 in
290 2676 352 2738 qno
380 2656 500 2721 tuendo
528 2656 634 2721 habeo
664 2679 779 2722 causas
809 2657 967 2742 plurimas
996 2656 1045 2720 vel
1073 2661 1226 2740 paternae
1256 2653 1504 2720 necessitudinis

180 2763 210 2803 ²³
223 2758 280 2822 vel
306 2783 395 2826 meae
423 2785 443 2826 a
470 2763 612 2847 pueritia
644 2765 869 2848 opservantiae
897 2766 948 2828 vel
976 2763 1025 2827 tui
1053 2783 1132 2847 erga
1159 2784 1210 2825 me
1239 2763 1343 2826 mutui
1374 2760 1504 2826 amoris.

227 2882 340 2954 quare,
362 2869 407 2933 mi
431 2866 560 2955 Cicero,
583 2869 670 2953 quod
693 2893 766 2934 mea
788 2875 908 2955 tuaque
932 2870 1058 2954 patitur
1081 2873 1184 2952 aetas,
1207 2869 1363 2952 persuade
1386 2867 1447 2932 tibi
1471 2872 1539 2931 tea

226 2985 327 3040 unum
354 2999 440 3061 esse,
467 2976 589 3061 inquo
614 2998 675 3062 ego
699 2977 834 3042 colendo
858 2977 998 3062 patriam
1027 2974 1107 3039 mihi
1137 2976 1363 3040 constituerim
1388 2975 1504 3039 sancti-

229 3075 336 3147 tutem.
372 3083 484 3148 omnia
502 3083 604 3168 igitur
628 3087 685 3148 tua
708 3083 845 3149 consilia
867 3084 949 3148 mihi
972 3105 1039 3147 non
1060 3082 1166 3167 magis
1186 3081 1377 3166 prudentiae
1400 3081 1506 3165 plena,

234 3199 309 3263 quae
332 3211 459 3254 summa
482 3193 541 3273 est,
564 3189 714 3255 ridentur
738 3213 835 3275 quam
860 3190 1043 3274 fidelitatis,
1068 3211 1165 3272 quam
1189 3210 1250 3274 ego
1274 3211 1312 3252 ex
1336 3210 1408 3253 mea
1432 3209 1506 3252 oon·

200 3290 361 3360 ¹⁵ficientia
384 3296 516 3361 metior.
544 3319 658 3381 quare,
685 3297 713 3361 si
737 3301 795 3361 aut
818 3297 915 3361 aliter
938 3297 1106 3379 sentirem
1134 3301 1220 3360 certe
1245 3295 1424 3360 admonitio
1448 3299 1506 3359 tua

165 3392 172 3460 ἰ
243 3410 285 3461 me
304 3403 490 3487 reprimere
518 3408 588 3488 aut,
617 3404 646 3468 si
668 3402 867 3486 dubitarem,
896 3402 1018 3467 hortat
995 3406 1042 3466 tro
1070 3347 1236 3485 impellere
1260 3406 1434 3485 posset,u
1414 3401 1504 3465 utid

248 3518 390 3593 ⁸‘⁸⁸qnerer,
418 3509 506 3594 quod
528 3515 564 3574 tu
589 3511 749 3594 optimum
773 3515 919 3594 putares,
946 3531 1031 3573 nunc
1055 3529 1131 3573 vero
1155 3508 1233 3592 qnid
1256 3512 1321 3592 est,
1344 3507 1429 3591 quod
1454 3529 1504 3570 me

251 3601 274 3670 in
290 3615 380 3680 aliam
403 3619 532 3700 partem
555 3617 684 3681 trahere
703 3616 831 3700 possit?
863 3636 1084 3701 quaecumque
1108 3615 1142 3678 in
1165 3636 1216 3678 me
1240 3614 1326 3678 bona
1349 3618 1425 3679 sunt
1448 3618 1505 3679 aut

252 3709 373 3787 fortunae
402 3722 559 3788 beneficio
583 3723 708 3788 tributa
732 3728 788 3788 aut
814 3745 885 3791 meo
912 3722 1024 3786 labore
1052 3725 1160 3805 parta,
1187 3720 1248 3784 etsi
1272 3743 1291 3784 a
1314 3724 1347 3784 te
1370 3725 1505 3805 propter

229 3831 370 3894 ltutorem
395 3829 502 3894 carius
525 3835 602 3894 sunt
625 3831 808 3914 aestimata,
831 3834 941 3894 tamen
960 3828 1011 3892 vel
1029 3827 1247 3892 inimicissimi
1270 3827 1392 3891 iudicio
1411 3831 1505 3891 tanta

198 3916 203 3955 Τ
249 3938 318 4020 sunt,
344 3941 380 4000 ut
406 3939 538 4020 praeter
564 3937 686 4002 bonam
713 3936 835 4001 famam
863 3935 945 4000 nihil
974 3935 1155 3998 desiderare
1180 3933 1357 3998 videantur.
1405 3950 1539 4017 quares

246 4033 291 4104 boc
311 4064 410 4107 unum
434 4042 497 4105 tibi
520 4044 690 4127 persuade,
714 4048 873 4128 quantum
897 4039 1021 4106 viribus
1045 4041 1143 4126 eniti,
1166 4039 1302 4105 consilio
1326 4039 1504 4124 providere,

241 4147 418 4212 anctoritate
442 4171 572 4214 movere
595 4156 743 4235 potuero,
765 4151 828 4215 hoc
853 4171 947 4214 omne
972 4149 1018 4212 rei
1042 4172 1072 4232 p.
1097 4170 1224 4232 semper
1247 4147 1402 4210 futurum.
1439 4168 1503 4210 non

237 4259 280 4318 est
301 4254 432 4340 ignotus
456 4255 538 4320 mihi
562 4279 675 4321 sensus
698 4261 787 4321 tuus:
815 4278 933 4340 neque,
960 4254 988 4317 si
1016 4255 1154 4319 facultas
1178 4252 1399 4337 —optabilis
1424 4252 1504 4315 mihi

233 4360 355 4445 quidem
376 4398 422 4408 —
445 4361 495 4426 tui
517 4365 699 4446 praesentis
727 4368 828 4446 esset,
858 4383 1012 4445 umquam
1036 4384 1055 4424 a
1077 4363 1143 4426 tuis
1172 4359 1316 4425 consiliis
1345 4359 1505 4442 discrepa-

243 4488 436 4495 -κ--κ-..ψ

312 4560 335 4609 1.
357 4553 482 4608 orbitata
501 4554 538 4608 M
559 4557 569 4625 u
597 4560 621 4610 5.
642 4554 794 4626 denerata]
818 4554 951 4609 divexata
975 4570 1004 4622 ς,
1028 4555 1128 4623 brnen
1155 4558 1178 4610 7.
1199 4551 1316 4623 eisdem]
1340 4549 1442 4633 iisdem
1462 4551 1503 4620 M,

243 4627 329 4682 udam
347 4625 409 4679 HD
422 4629 432 4695 l}
447 4631 488 4680 14.
506 4631 547 4682 15.
566 4630 595 4679 te
615 4642 741 4680 sermone
755 4627 807 4695 ΒΙΙ
822 4632 863 4683 16,
879 4597 1042 4680 ιιιιιιιοιιιιι
1056 4626 1113 4694 Mn
1118 4555 1168 4678 nli.
1189 4624 1241 4678 scii
1255 4625 1363 4690 Baiter,
1382 4621 1447 4676 sciis
1462 4624 1503 4691 M,

249 4699 290 4753 iui
312 4698 381 4752 HD.
415 4698 451 4764 cs.
476 4697 553 4752 Neue
578 4697 730 4753 Qr'onmz
750 4699 776 4752 d
797 4627 1113 4767 zar.spr.‘11²p.sai
1136 4699 1145 4765 ΙΙ
1168 4701 1210 4751 20.
1234 4694 1392 4820 pueritiaplc,
1417 4695 1504 4749 llitt.

253 4775 379 4839 ?)erus.,
399 4769 667 4837 Muobseruantiae
686 4788 720 4823 cr
739 4786 795 4837 ops
817 4770 862 4822 ΜΙ
876 4772 886 4838 ΙΙ
900 4774 941 4822 33.
961 4784 1072 4821 mouere
1093 4767 1183 4835 M¹Il,
1203 4767 1356 4822 monerell
1373 4766 1420 4820 cD

1235 4858 1290 4909 18·
