3314 5460
203 398 287 462 348·
655 396 692 450 M.
712 395 818 450 TVLLI
838 393 1027 449 CICERONIS

203 561 308 647 suevi,
337 565 407 626 tum
431 560 483 625 hic
508 583 610 625 annus
634 559 806 645 praecipue
835 559 875 623 ad
904 580 1008 623 meam
1037 578 1148 622 curam
1177 556 1387 640 officiumque
1415 578 1489 641 per·

203 669 299 734 tinet:
331 692 407 733 nam
435 668 654 733 constituendi
688 666 856 752 municipii
885 688 983 731 causa
1009 665 1072 730 hoc
1100 686 1185 729 anno
1214 665 1352 728 aedilem
1379 663 1489 728 filium

203 799 310 841 meum
338 776 409 841 fieri
436 775 525 840 volui
554 779 587 839 et
614 775 727 840 fratris
755 775 859 839 filium
888 777 921 838 et
948 772 991 837 M.
1011 770 1177 856 Caesium,
1208 771 1374 836 hominem
1402 769 1488 834 mihi

204 884 342 948 maxime
375 883 593 948 necessarium
617 882 712 946 —is
741 881 827 946 enim
858 880 1071 966 magistratus
1099 879 1134 943 in
1161 882 1276 943 nostro
1305 876 1487 962 municipio

200 1011 260 1055 nec
283 990 366 1055 alius
390 990 476 1054 ullus
501 989 602 1054 creari
627 989 711 1053 solet
729 1013 786 1073 —3
811 1008 892 1072 quos
917 986 1140 1051 cohonestaris
1164 985 1397 1069 inprimisque
1424 1007 1487 1068 me,
1515 1005 1527 1043 s

202 1097 229 1161 si
257 1119 309 1161 res
337 1120 366 1181 p.
396 1096 565 1180 municipii
597 1100 653 1161 tuo
686 1095 793 1160 studio
827 1093 997 1180 diligentia
1028 1093 1110 1159 bene
1144 1092 1375 1158 administrata
1408 1091 1487 1156 erit:

202 1203 288 1288 quod
311 1207 349 1267 ut
371 1203 482 1287 facias,
505 1207 538 1268 te
561 1203 769 1268 vehementer
793 1202 892 1267 etiam
917 1203 1014 1285 atque
1039 1201 1139 1265 etiam
1162 1220 1253 1286 rogo.

733 1452 805 1516 xri.
841 1449 946 1537 (199.)

647 1611 806 1677 orosae
831 1611 980 1677 sauro
1006 1610 1035 1676 9.

168 1792 179 1840 1
290 1771 365 1839 Alia
388 1774 529 1859 epistula
552 1773 768 1839 communiter
793 1772 1016 1842 commendavi
1039 1772 1100 1837 tibi
1122 1773 1249 1859 legatos
1271 1771 1485 1857 Arpinatium
1503 1798 1527 1836 ιο

201 1884 238 1945 ut
261 1881 354 1963 potui
378 1881 642 1967 diligentissime,
673 1882 734 1946 hac
763 1880 938 1964 separatim
962 1877 998 1956 Q.
1018 1878 1196 1962 Fufidium,
1229 1900 1370 1963 quocum
1402 1878 1485 1943 mihi

201 2009 313 2051 omnes
336 1989 592 2053 necessitudines
616 1993 700 2071 sunt,
724 1986 914 2073 diligentius
934 1987 1133 2070 commendo,
1155 2008 1222 2051 non
1240 1991 1279 2050 ut
1298 1985 1424 2071 aliquid
1446 1986 1485 2050 de

200 2093 258 2158 illa
290 2096 570 2161 commendatione
603 2096 801 2179 deminuam,
833 2096 888 2159 sed
919 2099 957 2159 ut
988 2095 1028 2158 ad
1060 2092 1145 2159 hanc
1178 2094 1307 2157 addam:
1340 2115 1419 2157 nam
1452 2097 1487 2157 et

199 2201 370 2287 privignus
394 2207 445 2267 est
468 2202 510 2266 M.
531 2201 651 2288 Cassii,
678 2203 743 2267 mei
766 2203 904 2268 maxime
928 2205 961 2266 et
985 2199 1155 2266 familiaris
1178 2205 1212 2265 et
1234 2199 1430 2283 necessarii,
1452 2205 1486 2263 et

200 2307 264 2372 fuit
295 2308 329 2371 in
358 2306 474 2374 Cilicia
505 2332 632 2375 mecum
665 2309 816 2374 tribunus
849 2309 1006 2393 militum,
1039 2330 1103 2392 quo
1136 2307 1170 2371 in
1202 2329 1336 2372 munere
1368 2307 1418 2371 ita
1451 2329 1486 2371 se
1503 2333 1527 2371 ιτ.

165 2416 369 2498 atractavit,
399 2419 437 2479 ut
460 2416 621 2500 accepisse
646 2417 686 2481 ab
711 2439 749 2481 eo
777 2416 971 2481 beneficium
999 2415 1138 2498 viderer,
1164 2436 1231 2479 non
1259 2413 1401 2498 dedisse,
1434 2419 1487 2479 est

201 2526 369 2606 praeterea
390 2559 428 2568 —
451 2523 536 2607 quod
560 2523 645 2608 apud
670 2527 702 2588 te
727 2524 813 2589 valet
835 2523 1012 2609 plurimum
1031 2559 1073 2568 -
1092 2544 1112 2587 a
1129 2521 1253 2587 nostris
1277 2520 1399 2585 studiis
1418 2542 1485 2584 non

201 2629 389 2694 abhorrens.
421 2652 520 2715 quare
536 2630 633 2694 velim
648 2653 722 2695 eum
737 2652 834 2715 quam
853 2629 1080 2696 liberalissime
1102 2629 1318 2714 complectare
1336 2649 1485 2711 operam-

201 2759 262 2820 que
282 2737 346 2819 des,
370 2740 407 2801 ut
426 2737 460 2801 in
480 2759 518 2801 ea
536 2738 710 2822 legatione,
734 2760 832 2822 quam
856 2737 999 2821 suscepit
1022 2739 1136 2802 contra
1159 2759 1255 2801 suum
1274 2735 1485 2801 commodum

201 2847 331 2908 secutus
356 2844 586 2908 auctoritatem
609 2866 728 2928 meam,
759 2866 856 2928 quam
880 2844 1020 2908 maxime
1045 2843 1113 2907 eius
1142 2843 1279 2908 excellat
1306 2842 1484 2918 industria3
1498 2867 1523 2906 a

200 2949 270 3014 vult
294 2949 389 3033 enim,
412 2950 445 3014 id
469 2952 554 3034 quod
579 2952 703 3035 optimo
723 2951 839 3036 cuique
858 2956 976 3016 natura
996 2952 1156 3016 tributum
1176 2954 1235 3033 est,
1259 2971 1360 3035 quam
1384 2950 1485 3014 maxi-

200 3079 287 3121 mam
310 3057 439 3121 laudem
467 3080 541 3122 cum
565 3080 584 3122 a
606 3059 716 3144 nobis,
745 3057 801 3143 qui
830 3081 904 3123 eum
931 3056 1135 3143 impulimus,
1165 3062 1236 3123 tum
1259 3079 1279 3122 a
1302 3057 1483 3142 municipio

201 3163 364 3246 consequi,
388 3165 472 3246 quod
496 3165 525 3228 ei
550 3166 727 3250 continget,
751 3165 778 3229 si
801 3164 863 3230 hac
887 3187 958 3230 mea
982 3164 1262 3231 commendatione
1286 3167 1382 3228 tuum
1405 3184 1484 3249 erga

93 3334 97 3343 ,
200 3291 234 3333 99
258 3269 402 3333 studium
426 3271 489 3334 erit
513 3276 715 3338 consecutus.

724 3466 812 3531 mu.
850 3465 953 3552 (reo.)

646 3626 805 3694 crosso
829 3626 977 3693 sauro
1003 3626 1034 3692 9.
1127 3646 1131 3654 -

287 3787 322 3852 L.
344 3786 535 3854 Castronius
560 3788 695 3872 Paetus,
725 3789 822 3872 longe
851 3789 1000 3873 princeps
1029 3789 1198 3873 municipii
1226 3787 1400 3872 Lucensis,
1431 3792 1480 3852 est

198 3895 365 3979 honestus,
389 3897 514 3981 gravis,
537 3896 651 3980 plenus
676 3894 789 3978 officii,
813 3895 917 3959 bonus
941 3895 1037 3980 plane
1061 3895 1111 3960 vir
1135 3900 1266 3960 etcum
1290 3893 1479 3976 virtutibus,

199 4007 269 4065 tum
294 4002 392 4067 etiam
421 4001 566 4087 fortuna,
599 4002 627 4066 si
656 4002 733 4085 quid
762 4001 824 4066 hoo
853 4002 893 4065 ad
921 4024 989 4065 rem
1017 4003 1172 4087 pertinet,
1205 4004 1357 4089 ornatus,
1391 4023 1477 4065 meus

198 4113 308 4173 autem
337 4113 387 4173 est
417 4109 706 4193 familiarissimus,
737 4109 783 4174 sic
810 4129 941 4193 prosus,
973 4114 1010 4173 ut
1037 4109 1143 4174 nostri
1171 4109 1294 4173 ordinis
1328 4111 1514 4194 opserveta

197 4216 360 4281 neminem
392 4214 595 4301 diligentius3
629 4237 726 4299 quare
757 4219 793 4280 ut
826 4219 860 4279 et
887 4238 994 4281 meum
1024 4216 1164 4281 amicum
1192 4221 1226 4280 et
1254 4219 1312 4279 tua
1344 4215 1477 4301 dignum

286 4451 310 4498 4.
331 4444 355 4497 is
375 4444 460 4516 enim]
480 4447 515 4513 cs.
532 4445 681 4500 lllmraasea
696 4445 723 4499 0.
740 4447 764 4499 I.
780 4446 813 4499 L.
833 4446 858 4498 X
874 4463 902 4514 p.
919 4448 993 4516 59911
1008 4452 1031 4500 6.
1052 4446 1146 4500 studio
1167 4444 1319 4515 diligentia
1351 4447 1383 4500 ia
1396 4461 1477 4517 aspa·

197 4517 257 4569 delo
276 4517 341 4570 olim
359 4518 489 4583 offocatum
509 4524 547 4571 est
565 4520 574 4584 ll
596 4522 637 4570 10.
658 4516 841 4570 communiter
859 4536 908 4572 ora
930 4517 972 4570 Η1
995 4522 1004 4587 u
1029 4524 1069 4572 13.
1090 4517 1251 4571 deminuam
1270 4517 1308 4571 M
1339 4515 1477 4585 ,commi-

197 4604 282 4639 nuam
301 4588 330 4639 D
353 4591 362 4655 ll
384 4591 416 4640 ut
435 4589 471 4641 ad
490 4589 562 4641 hane
583 4589 657 4656 Ml),
678 4596 709 4641 nt
727 4589 800 4641 hanc
819 4589 862 4657 H,
882 4591 914 4640 ut
933 4589 969 4641 ad
989 4588 1110 4661 (illam)
1128 4589 1201 4644 hunc
1220 4590 1321 4644 Baiter
1349 4595 1359 4660 fl
1388 4594 1429 4644 19.
1448 4590 1479 4640 ut

197 4708 227 4760 in
246 4712 291 4776 M,
319 4710 349 4763 in
369 4712 429 4765 HD
451 4716 460 4780 ΙΙ
484 4730 563 4766 sunm
588 4714 763 4767 commodum
787 4714 833 4774 M.
860 4714 1037 4767 commodum
1060 4730 1141 4767 suum
1160 4713 1221 4767 HD
1247 4716 1251 4780 Ι
1284 4718 1328 4767 27.
1349 4678 1480 4779 luccensis,

198 4797 250 4831 ca
268 4799 302 4834 m.
319 4787 342 4848 1,
362 4783 395 4834 Η
419 4786 428 4850 n
455 4789 498 4837 29.
517 4787 577 4837 tum
597 4786 665 4849 HD,
685 4788 745 4837 tam
764 4786 800 4837 M
819 4788 829 4853 ΙΙ
852 4792 893 4840 30.
913 4787 957 4838 est
975 4786 1047 4846 MD,
1066 4786 1110 4838 est
1128 4799 1212 4851 quam
1285 4788 1295 4853 fl
1319 4785 1361 4839 sic
1380 4801 1480 4855 prosus

199 4854 321 4919 (prorsus
340 4851 424 4923 Hm]
444 4855 477 4920 cf.
499 4856 630 4923 Wdlfflin
650 4857 1067 4927 (1499191191.ὶειεὶοοφνῖΝ
1082 4874 1111 4925 p.
1128 4860 1179 4907 619
