3314 5460
752 1407 788 1489 Ι.

697 1659 721 1723 r.
759 1656 841 1744 (aa.)

354 1818 396 1882 n.
420 1817 581 1884 cranao
607 1816 638 1882 s.
663 1818 700 1882 n.
724 1816 759 1882 Ρ.
783 1817 990 1883 nundino
1015 1817 1191 1885 Pnoaos

218 1978 292 2063 Ego
317 1979 405 2043 omni
434 1979 542 2044 officio
566 2001 603 2044 ac
630 1980 741 2063 potius
765 1979 887 2063 pietate
916 1985 1051 2065 ergata
1080 1981 1196 2044 ceteris
1220 1981 1301 2045 satis
1326 1980 1441 2048 facior

123 2085 298 2168 omnibus,
330 2086 410 2149 mihi
437 2087 507 2170 ipse
537 2109 716 2170 numquam
744 2086 825 2150 satis
853 2085 955 2170 faci03
985 2091 1079 2150 tanta
1106 2088 1192 2151 enim
1222 2089 1413 2174 magnitudo

92 2197 178 2257 aest
207 2197 339 2256 tuorum
368 2213 446 2276 erga
473 2215 525 2257 me
554 2193 762 2274 meritorum,
790 2197 841 2272 ut,
870 2193 1024 2277 quoniam
1052 2197 1089 2257 tu
1116 2194 1181 2257 nisi
1207 2193 1353 2278 perfecta
1379 2218 1413 2260 re

122 2301 165 2363 de
195 2322 248 2363 me
276 2321 341 2364 non
371 2299 569 2383 conquiesti,
599 2321 677 2385 ega,
709 2299 785 2383 quia
812 2321 878 2363 non
908 2298 994 2363 idem
1023 2300 1057 2362 in
1084 2303 1142 2363 tua
1170 2322 1267 2365 causa
1296 2301 1413 2385 efficio,

121 2407 232 2470 vitam
256 2405 337 2470 mihi
356 2427 428 2485 esse
451 2407 602 2471 acerbam
626 2410 747 2490 putem.
787 2406 821 2469 in
845 2428 942 2471 causa
965 2406 1044 2470 haec
1069 2410 1158 2469 sunt:
1186 2405 1413 2492 Hammonius,

121 2513 214 2598 regis
239 2513 383 2596 legatus,
406 2517 517 2597 aperte
541 2512 761 2597 pecuniarios
784 2516 969 2598 oppugnat,
992 2534 1044 2575 res
1068 2512 1178 2597 agitur
1200 2535 1259 2596 per
1281 2515 1412 2578 eosdem

121 2619 318 2703 creditores,
345 2642 402 2704 per
426 2642 522 2704 quos,
550 2642 623 2685 cum
647 2624 684 2683 tu
707 2620 836 2702 aderas,
864 2619 1039 2704 agebatur3
1067 2618 1154 2703 regis
1183 2640 1281 2683 causa
1304 2621 1331 2684 si
1356 2621 1412 2704 qui

79 2730 205 2791 nsunt
229 2727 285 2810 qui
312 2726 429 2809 velint,
457 2727 513 2810 qui
540 2727 635 2811 pauci
659 2731 749 2809 sunt,
778 2747 889 2790 omnes
918 2748 986 2790 rem
1011 2726 1050 2788 ad
1074 2724 1266 2809 Pompeium
1294 2726 1413 2791 deferri

122 2833 246 2897 volunt
252 2884 261 2916 ,
294 2837 426 2898 senatus
457 2832 626 2918 religionis
659 2833 855 2897 calumniam
884 2855 951 2897 non
983 2832 1155 2916 religione,
1188 2833 1244 2896 sed
1274 2833 1412 2899 malevo-

118 2938 229 3003 lentia
251 2942 285 3003 st
311 2939 400 3004 illius
423 2941 532 3025 regiae
558 2940 745 3025 largitionis
772 2939 894 3004 invidia
921 2939 1110 3024 conprobat.
1155 2938 1346 3023 Pompeium
1370 2946 1442 3025 cta

117 3045 254 3110 hortari
282 3050 315 3110 et
343 3068 436 3112 orare
460 3051 494 3112 et
521 3047 587 3111 iam
614 3046 750 3111 liberius
777 3068 929 3112 accusare
958 3051 991 3111 et
1020 3068 1164 3129 monere,
1192 3051 1230 3110 ut
1258 3069 1412 3133 magnam

116 3151 295 3216 infamiam
324 3151 448 3237 fugiat,
478 3176 544 3218 non
574 3154 777 3236 desistimus3
808 3153 864 3218 sed
894 3153 988 3238 plane
1018 3175 1078 3218 nec
1108 3152 1258 3236 precibus
1287 3155 1410 3219 nostris

76 3286 102 3325 ιε
116 3281 185 3324 nec
204 3259 484 3325 admonitionibus
508 3260 664 3345 relinquit
684 3260 806 3345 locum,
829 3282 906 3324 nam
926 3282 1000 3324 cum
1018 3260 1053 3323 in
1073 3282 1221 3325 sermone
1240 3261 1405 3326 cotidiano

117 3371 197 3430 tum
222 3365 254 3429 in
283 3371 398 3431 senatu
425 3367 534 3449 palam
562 3368 609 3431 sic
636 3367 705 3452 egit
733 3389 864 3432 causam
893 3373 998 3450 tuam,
1027 3372 1066 3430 ut
1091 3388 1195 3451 neque
1223 3368 1411 3453 eloquentia

117 3473 250 3536 maiore
280 3473 455 3557 quisquam
482 3495 541 3539 neo
572 3474 734 3559 gravitate
761 3495 821 3539 nec
852 3474 959 3538 studio
986 3495 1046 3539 nec
1076 3474 1283 3539 contentione
1314 3495 1409 3559 agere

116 3577 284 3664 potuerit,
308 3602 382 3644 cum
403 3602 530 3644 summa
549 3580 780 3645 testificatione
801 3584 933 3645 tuorum
957 3580 990 3643 in
1011 3601 1045 3643 se
1065 3579 1248 3645 officiorum
1272 3585 1305 3645 et
1324 3602 1409 3644 amo-

116 3685 171 3749 ris
199 3706 278 3771 erga
308 3690 341 3751 tc
369 3687 429 3752 sui.
473 3686 701 3754 Marcellinum
728 3687 790 3751 tibi
819 3709 889 3752 esse
917 3687 1038 3750 iratum
1067 3687 1144 3751 scis:
1172 3687 1201 3751 is
1228 3687 1290 3750 hac
1319 3685 1410 3771 regia

72 3822 102 3859 so
116 3814 226 3858 causa
252 3797 386 3877 excepta
414 3793 531 3859 ceteris
558 3794 592 3858 in
618 3794 717 3859 rebus
746 3815 781 3858 se
811 3794 1005 3859 acerrimum
1031 3793 1081 3858 tui
1109 3792 1311 3857 defensorem
1339 3790 1408 3856 fore

216 4009 240 4057 1.
260 4002 427 4058 inscribitur
444 4006 476 4058 in
497 4005 536 4058 G:
558 4003 746 4059 INCIPIVNT
766 4002 965 4058 EPISTOLAE
984 4001 1187 4068 CICERONIS,
1211 4004 1243 4055 in
1261 4002 1302 4055 R:
1320 3999 1410 4053 Marci

115 4073 213 4128 Tullii
232 4073 372 4129 Ciceronis
390 4073 575 4144 epistolarum
597 4075 669 4130 liber
687 4076 794 4146 primns
813 4074 935 4144 incipitl
950 4082 974 4128 2.
993 4074 1030 4128 Μ.
1047 4106 1078 4113 -
1094 4080 1118 4128 3.
1139 4073 1209 4127 satis
1233 4072 1307 4126 facio
1326 4075 1357 4125 iu
1377 4072 1413 4148 M

115 4147 267 4199 rubricata
280 4147 289 4212 Ι
304 4151 329 4200 2.
349 4145 376 4200 S.
395 4145 441 4216 D.]
462 4145 588 4201 Salutem
611 4147 688 4202 Dicit
709 4149 789 4217 pleae
809 4150 847 4214 a,
871 4148 943 4216 qaod
967 4146 1087 4214 anrplias
1109 4162 1166 4199 aaa
1187 4143 1408 4213 notabiturlP.]

111 4236 201 4304 pleae
214 4232 316 4288 Publio
331 4233 401 4301 MR,
420 4233 521 4304 Puplio
538 4237 573 4304 G,
591 4238 663 4306 qrrod
681 4238 801 4305 amplius
818 4253 875 4290 aaa
887 4235 1029 4289 notabitur
1047 4237 1056 4303 n
1074 4232 1213 4287 PROCOS
1228 4232 1270 4299 M,
1288 4232 1409 4286 Procon-

115 4304 178 4358 suli
205 4305 246 4370 G,
272 4304 394 4360 Procon's
417 4306 458 4373 R,
486 4309 559 4376 qaod
583 4309 703 4376 anrptias
724 4324 781 4360 aon
805 4308 947 4361 notabitur
960 4309 969 4374 ῃ
984 4311 1008 4359 3.
1028 4303 1146 4358 caeteris
1166 4304 1203 4357 M
1212 4309 1221 4373 ΙΙ
1235 4311 1259 4358 4.
1284 4302 1340 4372 ipsi
1365 4304 1402 4374 G¹

115 4383 144 4431 5.
173 4374 307 4444 quoniam
332 4394 363 4443 ς,
385 4377 434 4447 qui
454 4378 528 4445 MR,
551 4378 626 4447 quod
648 4380 681 4432 G.
710 4377 778 4445 quia
801 4379 853 4431 alii
866 4380 876 4445 [1
890 4382 913 4431 6.
934 4374 1106 4444 conquesisti
1133 4377 1171 4441 (ι’,
1198 4373 1345 4442 conquesti
1363 4375 1403 4445 Rq

117 4454 145 4502 7.
169 4462 232 4500 esse
250 4464 300 4501 orn.
318 4449 344 4502 G
357 4451 367 4517 fl
379 4449 432 4502 hec
453 4449 521 4515 GR,
539 4451 611 4519 quod
630 4451 749 4518 amptius
767 4465 823 4502 aaa
842 4450 984 4502 notabitur
996 4452 1006 4515 ΙΙ
1019 4445 1183 4501 Ammonius
1199 4463 1223 4504 ς.
1238 4449 1273 4514 cf.
1290 4446 1318 4501 C.
1333 4448 1357 4500 Ι.
1374 4448 1407 4500 L.

116 4518 203 4573 XIV
213 4523 282 4571 2851
297 4520 306 4586 l
325 4518 618 4574 11.12.maliuolentia
632 4521 685 4575 GR
698 4524 708 4587 ΙΙ
723 4518 850 4589 laragia
862 4519 898 4571 M
909 4517 1091 4588 ”largitionis
1105 4537 1139 4573 aa
1154 4534 1233 4571 -ones
1244 4519 1278 4570 M
1282 4517 1289 4552 ¹
1304 4520 1313 4585 l
1328 4524 1369 4572 13.
1380 4521 1410 4571 st

114 4590 182 4643 iam
193 4589 237 4655 M,
250 4588 337 4643 etiam
350 4591 404 4645 GR
417 4593 426 4660 11
443 4597 482 4644 lt.
495 4590 746 4646 ammonicionibus
759 4592 793 4657 G,
807 4589 1049 4644 admonicionibus
1060 4589 1098 4655 R,
1111 4590 1207 4658 qualia
1221 4591 1340 4658 carpitus
1353 4606 1410 4643 aaa

115 4659 426 4729 notabantarllocum
453 4660 595 4729 relinquid
617 4665 676 4732 (sic)
698 4663 724 4717 G
737 4664 746 4730 l
761 4661 917 4716 cottidiano
942 4662 981 4726 G,
1010 4661 1083 4728 qaod
1105 4662 1226 4729 arreptius
1248 4677 1304 4713 aaa
1331 4667 1408 4714 nota·

116 4734 201 4787 bitur
215 4732 226 4797 Ι
241 4736 283 4785 16.
297 4731 393 4800 palam
408 4750 458 4787 om.
469 4733 497 4786 It
510 4736 520 4803 l
535 4739 576 4787 18.
592 4751 672 4787 suma
684 4733 725 4801 M,
738 4751 806 4788 corr.
818 4733 852 4784 M
856 4740 867 4766 ⁰
881 4735 890 4800 l
907 4736 947 4786 19.
962 4730 1028 4801 tibi]
1044 4729 1103 4800 regi
1118 4733 1159 4786 ael
1172 4729 1282 4785 tibicini
1297 4732 1409 4801 quidam

116 4803 292 4869 maluerant,
309 4805 418 4858 iniuria

175 4899 554 4950 crc.sp.s‹r.uonu01nonn.
1180 4897 1193 4943 1
