<?xml version="1.0" encoding="UTF-8"?>
<!DOCTYPE html PUBLIC "-//W3C//DTD XHTML 1.0 Transitional//EN"
    "http://www.w3.org/TR/xhtml1/DTD/xhtml1-transitional.dtd">
<html xmlns="http://www.w3.org/1999/xhtml" xml:lang="en" lang="en">
 <head>
  <title>
</title>
<meta http-equiv="Content-Type" content="text/html;charset=utf-8" />
  <meta name='ocr-system' content='tesseract 3.04.00' />
  <meta name='ocr-capabilities' content='ocr_page ocr_carea ocr_par ocr_line ocrx_word'/>
</head>
<body>
  <div class='ocr_page' id='page_1' title='image "./mtulliciceronis00koergoog_0448.png"; bbox 0 0 3286 5460; ppageno 0'>
   <div class='ocr_carea' id='block_1_1' title="bbox 563 379 1390 444">
    <p class='ocr_par' dir='ltr' id='par_1_1' title="bbox 563 379 1390 444">
     <span class='ocr_line' id='line_1_1' title="bbox 563 379 1390 444; baseline 0.015 -12"><span class='ocrx_word' id='word_1_1' title='bbox 563 379 820 434; x_wconf 73' lang='lat' dir='ltr'><strong>EPISTVLARVM</strong></span> <span class='ocrx_word' id='word_1_2' title='bbox 839 381 897 434; x_wconf 81' lang='lat' dir='ltr'><strong>XV.</strong></span> <span class='ocrx_word' id='word_1_3' title='bbox 917 384 942 436; x_wconf 85' lang='grc'><strong>4,</strong></span> <span class='ocrx_word' id='word_1_4' title='bbox 1324 379 1390 444; x_wconf 88' lang='grc'><strong>409</strong></span> 
     </span>
    </p>
   </div>
   <div class='ocr_carea' id='block_1_2' title="bbox 53 543 1538 3944">
    <p class='ocr_par' dir='ltr' id='par_1_2' title="bbox 67 543 1391 953">
     <span class='ocr_line' id='line_1_2' title="bbox 67 543 1391 632; baseline -0.002 -20"><span class='ocrx_word' id='word_1_5' title='bbox 67 572 70 575; x_wconf 94' lang='grc'><em>·</em></span> <span class='ocrx_word' id='word_1_6' title='bbox 112 545 332 632; x_wconf 86' lang='lat' dir='ltr'><strong>familiariter,</strong></span> <span class='ocrx_word' id='word_1_7' title='bbox 361 550 399 610; x_wconf 93' lang='lat' dir='ltr'><strong>ut</strong></span> <span class='ocrx_word' id='word_1_8' title='bbox 422 549 474 610; x_wconf 89' lang='lat' dir='ltr'><strong>est</strong></span> <span class='ocrx_word' id='word_1_9' title='bbox 496 548 530 609; x_wconf 89' lang='lat' dir='ltr'><strong>et</strong></span> <span class='ocrx_word' id='word_1_10' title='bbox 553 544 669 609; x_wconf 90' lang='lat' dir='ltr'><strong>studiis</strong></span> <span class='ocrx_word' id='word_1_11' title='bbox 697 549 730 609; x_wconf 88' lang='lat' dir='ltr'><strong>et</strong></span> <span class='ocrx_word' id='word_1_12' title='bbox 758 543 874 609; x_wconf 85' lang='lat' dir='ltr'><strong>officiis</strong></span> <span class='ocrx_word' id='word_1_13' title='bbox 903 544 1025 609; x_wconf 91' lang='lat' dir='ltr'><strong>nostris</strong></span> <span class='ocrx_word' id='word_1_14' title='bbox 1053 545 1175 610; x_wconf 88' lang='lat' dir='ltr'><strong>mutuis</strong></span> <span class='ocrx_word' id='word_1_15' title='bbox 1203 548 1237 610; x_wconf 88' lang='lat' dir='ltr'><strong>et</strong></span> <span class='ocrx_word' id='word_1_16' title='bbox 1265 566 1391 610; x_wconf 92' lang='lat' dir='ltr'><strong>summa</strong></span> 
     </span>
     <span class='ocr_line' id='line_1_3' title="bbox 113 650 1391 739; baseline -0.001 -21"><span class='ocrx_word' id='word_1_17' title='bbox 113 653 259 718; x_wconf 85' lang='lat' dir='ltr'><strong>amicitia</strong></span> <span class='ocrx_word' id='word_1_18' title='bbox 281 653 416 739; x_wconf 90' lang='lat' dir='ltr'><strong>dignum</strong></span> <span class='ocrx_word' id='word_1_19' title='bbox 444 656 477 716; x_wconf 89' lang='lat' dir='ltr'><strong>et</strong></span> <span class='ocrx_word' id='word_1_20' title='bbox 499 651 736 717; x_wconf 82' lang='lat' dir='ltr'><strong>necessitudine</strong></span> <span class='ocrx_word' id='word_1_21' title='bbox 766 651 865 718; x_wconf 87' lang='lat' dir='ltr'><strong>etiam</strong></span> <span class='ocrx_word' id='word_1_22' title='bbox 893 655 1042 736; x_wconf 85' lang='lat' dir='ltr'><strong>paterna:</strong></span> <span class='ocrx_word' id='word_1_23' title='bbox 1072 652 1100 718; x_wconf 89' lang='lat' dir='ltr'><strong>si</strong></span> <span class='ocrx_word' id='word_1_24' title='bbox 1128 650 1300 737; x_wconf 91' lang='lat' dir='ltr'><strong>quisquam</strong></span> <span class='ocrx_word' id='word_1_25' title='bbox 1327 651 1391 717; x_wconf 89' lang='lat' dir='ltr'><strong>fuit</strong></span> 
     </span>
     <span class='ocr_line' id='line_1_4' title="bbox 113 758 1390 845; baseline -0.001 -20"><span class='ocrx_word' id='word_1_26' title='bbox 113 782 269 845; x_wconf 88' lang='lat' dir='ltr'><strong>umquam</strong></span> <span class='ocrx_word' id='word_1_27' title='bbox 290 764 436 825; x_wconf 89' lang='lat' dir='ltr'><strong>remotus</strong></span> <span class='ocrx_word' id='word_1_28' title='bbox 460 764 494 824; x_wconf 92' lang='lat' dir='ltr'><strong>et</strong></span> <span class='ocrx_word' id='word_1_29' title='bbox 516 763 635 824; x_wconf 86' lang='lat' dir='ltr'><strong>natura</strong></span> <span class='ocrx_word' id='word_1_30' title='bbox 653 763 686 824; x_wconf 88' lang='lat' dir='ltr'><strong>et</strong></span> <span class='ocrx_word' id='word_1_31' title='bbox 704 760 809 845; x_wconf 87' lang='lat' dir='ltr'><strong>magis</strong></span> <span class='ocrx_word' id='word_1_32' title='bbox 830 760 938 843; x_wconf 84' lang='lat' dir='ltr'><strong>etiam,</strong></span> <span class='ocrx_word' id='word_1_33' title='bbox 962 763 999 822; x_wconf 90' lang='lat' dir='ltr'><strong>ut</strong></span> <span class='ocrx_word' id='word_1_34' title='bbox 1020 758 1101 823; x_wconf 91' lang='lat' dir='ltr'><strong>mihi</strong></span> <span class='ocrx_word' id='word_1_35' title='bbox 1120 759 1248 844; x_wconf 90' lang='lat' dir='ltr'><strong>quidem</strong></span> <span class='ocrx_word' id='word_1_36' title='bbox 1268 759 1390 824; x_wconf 88' lang='lat' dir='ltr'><strong>sentire</strong></span> 
     </span>
     <span class='ocr_line' id='line_1_5' title="bbox 112 865 1391 953; baseline -0.002 -21"><span class='ocrx_word' id='word_1_37' title='bbox 112 868 239 953; x_wconf 78' lang='lat' dir='ltr'><strong>videor,</strong></span> <span class='ocrx_word' id='word_1_38' title='bbox 268 867 394 932; x_wconf 85' lang='lat' dir='ltr'><strong>ratione</strong></span> <span class='ocrx_word' id='word_1_39' title='bbox 418 870 516 952; x_wconf 90' lang='lat' dir='ltr'><strong>atque</strong></span> <span class='ocrx_word' id='word_1_40' title='bbox 539 867 688 932; x_wconf 87' lang='lat' dir='ltr'><strong>doctrina</strong></span> <span class='ocrx_word' id='word_1_41' title='bbox 711 867 752 931; x_wconf 90' lang='lat' dir='ltr'><strong>ab</strong></span> <span class='ocrx_word' id='word_1_42' title='bbox 776 867 866 931; x_wconf 89' lang='lat' dir='ltr'><strong>inani</strong></span> <span class='ocrx_word' id='word_1_43' title='bbox 889 866 984 931; x_wconf 88' lang='lat' dir='ltr'><strong>laude</strong></span> <span class='ocrx_word' id='word_1_44' title='bbox 1007 870 1041 930; x_wconf 92' lang='lat' dir='ltr'><strong>et</strong></span> <span class='ocrx_word' id='word_1_45' title='bbox 1063 865 1267 931; x_wconf 81' lang='lat' dir='ltr'><strong>sermonibus</strong></span> <span class='ocrx_word' id='word_1_46' title='bbox 1290 866 1391 952; x_wconf 79' lang='lat' dir='ltr'><strong>vulgi,</strong></span> 
     </span>
    </p>

    <p class='ocr_par' dir='ltr' id='par_1_3' title="bbox 87 973 1391 1489">
     <span class='ocr_line' id='line_1_6' title="bbox 87 973 1390 1062; baseline 0.001 -25"><span class='ocrx_word' id='word_1_47' title='bbox 87 997 174 1062; x_wconf 84' lang='lat' dir='ltr'><strong>sego</strong></span> <span class='ocrx_word' id='word_1_48' title='bbox 198 974 345 1060; x_wconf 87' lang='lat' dir='ltr'><strong>profecto</strong></span> <span class='ocrx_word' id='word_1_49' title='bbox 368 975 397 1040; x_wconf 91' lang='lat' dir='ltr'><strong>is</strong></span> <span class='ocrx_word' id='word_1_50' title='bbox 421 996 502 1039; x_wconf 90' lang='lat' dir='ltr'><strong>sum.</strong></span> <span class='ocrx_word' id='word_1_51' title='bbox 544 974 640 1039; x_wconf 89' lang='lat' dir='ltr'><strong>testis</strong></span> <span class='ocrx_word' id='word_1_52' title='bbox 664 978 715 1038; x_wconf 90' lang='lat' dir='ltr'><strong>est</strong></span> <span class='ocrx_word' id='word_1_53' title='bbox 737 974 925 1039; x_wconf 88' lang='lat' dir='ltr'><strong>consulatus</strong></span> <span class='ocrx_word' id='word_1_54' title='bbox 949 995 1053 1058; x_wconf 91' lang='lat' dir='ltr'><strong>meus,</strong></span> <span class='ocrx_word' id='word_1_55' title='bbox 1084 973 1118 1037; x_wconf 93' lang='lat' dir='ltr'><strong>in</strong></span> <span class='ocrx_word' id='word_1_56' title='bbox 1142 995 1220 1057; x_wconf 88' lang='lat' dir='ltr'><strong>quo,</strong></span> <span class='ocrx_word' id='word_1_57' title='bbox 1247 973 1334 1038; x_wconf 90' lang='lat' dir='ltr'><strong>sicut</strong></span> <span class='ocrx_word' id='word_1_58' title='bbox 1356 973 1390 1038; x_wconf 90' lang='lat' dir='ltr'><strong>in</strong></span> 
     </span>
     <span class='ocr_line' id='line_1_7' title="bbox 113 1078 1391 1167; baseline -0.002 -21"><span class='ocrx_word' id='word_1_59' title='bbox 113 1081 239 1167; x_wconf 88' lang='lat' dir='ltr'><strong>reliqua</strong></span> <span class='ocrx_word' id='word_1_60' title='bbox 261 1083 344 1167; x_wconf 83' lang='lat' dir='ltr'><strong>vita,</strong></span> <span class='ocrx_word' id='word_1_61' title='bbox 366 1082 473 1147; x_wconf 81' lang='lat' dir='ltr'><strong>fateor</strong></span> <span class='ocrx_word' id='word_1_62' title='bbox 496 1103 534 1146; x_wconf 90' lang='lat' dir='ltr'><strong>ea</strong></span> <span class='ocrx_word' id='word_1_63' title='bbox 557 1102 608 1146; x_wconf 90' lang='lat' dir='ltr'><strong>me</strong></span> <span class='ocrx_word' id='word_1_64' title='bbox 631 1080 775 1146; x_wconf 77' lang='lat' dir='ltr'><strong>studiose</strong></span> <span class='ocrx_word' id='word_1_65' title='bbox 799 1085 960 1163; x_wconf 86' lang='lat' dir='ltr'><strong>secutum,</strong></span> <span class='ocrx_word' id='word_1_66' title='bbox 983 1102 1021 1145; x_wconf 83' lang='lat' dir='ltr'><strong>ex</strong></span> <span class='ocrx_word' id='word_1_67' title='bbox 1045 1078 1163 1165; x_wconf 91' lang='lat' dir='ltr'><strong>quibus</strong></span> <span class='ocrx_word' id='word_1_68' title='bbox 1187 1101 1262 1145; x_wconf 88' lang='lat' dir='ltr'><strong>vera</strong></span> <span class='ocrx_word' id='word_1_69' title='bbox 1286 1080 1391 1165; x_wconf 89' lang='lat' dir='ltr'><strong>gloria</strong></span> 
     </span>
     <span class='ocr_line' id='line_1_8' title="bbox 112 1187 1390 1274; baseline -0.004 -18"><span class='ocrx_word' id='word_1_70' title='bbox 112 1190 203 1256; x_wconf 88' lang='lat' dir='ltr'><strong>nasci</strong></span> <span class='ocrx_word' id='word_1_71' title='bbox 231 1194 356 1274; x_wconf 87' lang='lat' dir='ltr'><strong>posset,</strong></span> <span class='ocrx_word' id='word_1_72' title='bbox 385 1189 491 1274; x_wconf 86' lang='lat' dir='ltr'><strong>ipsam</strong></span> <span class='ocrx_word' id='word_1_73' title='bbox 521 1188 651 1273; x_wconf 92' lang='lat' dir='ltr'><strong>quidem</strong></span> <span class='ocrx_word' id='word_1_74' title='bbox 679 1187 818 1274; x_wconf 89' lang='lat' dir='ltr'><strong>gloriam</strong></span> <span class='ocrx_word' id='word_1_75' title='bbox 846 1210 903 1272; x_wconf 89' lang='lat' dir='ltr'><strong>per</strong></span> <span class='ocrx_word' id='word_1_76' title='bbox 932 1210 965 1253; x_wconf 93' lang='lat' dir='ltr'><strong>se</strong></span> <span class='ocrx_word' id='word_1_77' title='bbox 992 1209 1170 1272; x_wconf 85' lang='lat' dir='ltr'><strong>numquam</strong></span> <span class='ocrx_word' id='word_1_78' title='bbox 1199 1187 1312 1271; x_wconf 85' lang='lat' dir='ltr'><strong>putavi</strong></span> <span class='ocrx_word' id='word_1_79' title='bbox 1340 1210 1390 1252; x_wconf 87' lang='lat' dir='ltr'><strong>ex·</strong></span> 
     </span>
     <span class='ocr_line' id='line_1_9' title="bbox 113 1293 1391 1381; baseline -0.002 -20"><span class='ocrx_word' id='word_1_80' title='bbox 113 1296 300 1381; x_wconf 87' lang='lat' dir='ltr'><strong>petendam:</strong></span> <span class='ocrx_word' id='word_1_81' title='bbox 342 1296 453 1380; x_wconf 87' lang='lat' dir='ltr'><strong>itaque</strong></span> <span class='ocrx_word' id='word_1_82' title='bbox 489 1299 522 1359; x_wconf 88' lang='lat' dir='ltr'><strong>et</strong></span> <span class='ocrx_word' id='word_1_83' title='bbox 553 1294 755 1379; x_wconf 84' lang='lat' dir='ltr'><strong>provinciam</strong></span> <span class='ocrx_word' id='word_1_84' title='bbox 792 1297 939 1359; x_wconf 83' lang='lat' dir='ltr'><strong>ornatum</strong></span> <span class='ocrx_word' id='word_1_85' title='bbox 973 1299 1006 1359; x_wconf 94' lang='lat' dir='ltr'><strong>et</strong></span> <span class='ocrx_word' id='word_1_86' title='bbox 1038 1316 1129 1380; x_wconf 90' lang='lat' dir='ltr'><strong>spem</strong></span> <span class='ocrx_word' id='word_1_87' title='bbox 1161 1316 1226 1359; x_wconf 92' lang='lat' dir='ltr'><strong>non</strong></span> <span class='ocrx_word' id='word_1_88' title='bbox 1259 1293 1391 1358; x_wconf 87' lang='lat' dir='ltr'><strong>dubiam</strong></span> 
     </span>
     <span class='ocr_line' id='line_1_10' title="bbox 115 1401 1391 1489; baseline -0.002 -21"><span class='ocrx_word' id='word_1_89' title='bbox 115 1402 273 1488; x_wconf 88' lang='lat' dir='ltr'><strong>triumphi</strong></span> <span class='ocrx_word' id='word_1_90' title='bbox 296 1401 438 1489; x_wconf 85' lang='lat' dir='ltr'><strong>neglexi;</strong></span> <span class='ocrx_word' id='word_1_91' title='bbox 462 1401 678 1467; x_wconf 87' lang='lat' dir='ltr'><strong>sacerdotium</strong></span> <span class='ocrx_word' id='word_1_92' title='bbox 702 1401 856 1488; x_wconf 87' lang='lat' dir='ltr'><strong>denique,</strong></span> <span class='ocrx_word' id='word_1_93' title='bbox 879 1424 965 1485; x_wconf 93' lang='lat' dir='ltr'><strong>cum,</strong></span> <span class='ocrx_word' id='word_1_94' title='bbox 989 1402 1260 1487; x_wconf 80' lang='lat' dir='ltr'><strong>quemadmodum</strong></span> <span class='ocrx_word' id='word_1_95' title='bbox 1282 1405 1316 1466; x_wconf 87' lang='lat' dir='ltr'><strong>tc</strong></span> <span class='ocrx_word' id='word_1_96' title='bbox 1340 1422 1391 1466; x_wconf 66' lang='lat' dir='ltr'><strong>ex*</strong></span> 
     </span>
    </p>

    <p class='ocr_par' dir='ltr' id='par_1_4' title="bbox 71 1500 1538 3413">
     <span class='ocr_line' id='line_1_11' title="bbox 75 1500 1392 1595; baseline 0 -23"><span class='ocrx_word' id='word_1_97' title='bbox 75 1533 100 1572; x_wconf 84' lang='grc' dir='ltr'><strong>ιο</strong></span> <span class='ocrx_word' id='word_1_98' title='bbox 114 1510 260 1575; x_wconf 86' lang='lat' dir='ltr'><strong>istimare</strong></span> <span class='ocrx_word' id='word_1_99' title='bbox 287 1508 444 1591; x_wconf 73' lang='lat' dir='ltr'><strong>arbitror,</strong></span> <span class='ocrx_word' id='word_1_100' title='bbox 475 1530 541 1573; x_wconf 95' lang='lat' dir='ltr'><strong>non</strong></span> <span class='ocrx_word' id='word_1_101' title='bbox 569 1507 760 1573; x_wconf 83' lang='lat' dir='ltr'><strong>difficillime</strong></span> <span class='ocrx_word' id='word_1_102' title='bbox 788 1509 943 1592; x_wconf 81' lang='lat' dir='ltr'><strong>consequi</strong></span> <span class='ocrx_word' id='word_1_103' title='bbox 971 1530 1115 1595; x_wconf 91' lang='lat' dir='ltr'><strong>possem,</strong></span> <span class='ocrx_word' id='word_1_104' title='bbox 1143 1500 1209 1573; x_wconf 91' lang='lat' dir='ltr'><strong>non</strong></span> <span class='ocrx_word' id='word_1_105' title='bbox 1236 1507 1392 1594; x_wconf 70' lang='lat' dir='ltr'><strong>appetivi,</strong></span> 
     </span>
     <span class='ocr_line' id='line_1_12' title="bbox 112 1615 1391 1702; baseline -0.001 -21"><span class='ocrx_word' id='word_1_106' title='bbox 112 1617 198 1683; x_wconf 92' lang='lat' dir='ltr'><strong>idem</strong></span> <span class='ocrx_word' id='word_1_107' title='bbox 221 1621 298 1702; x_wconf 89' lang='lat' dir='ltr'><strong>post</strong></span> <span class='ocrx_word' id='word_1_108' title='bbox 325 1616 479 1681; x_wconf 89' lang='lat' dir='ltr'><strong>iniuriam</strong></span> <span class='ocrx_word' id='word_1_109' title='bbox 506 1618 686 1700; x_wconf 89' lang='lat' dir='ltr'><strong>acceptam,</strong></span> <span class='ocrx_word' id='word_1_110' title='bbox 714 1638 812 1700; x_wconf 91' lang='lat' dir='ltr'><strong>quam</strong></span> <span class='ocrx_word' id='word_1_111' title='bbox 836 1620 872 1680; x_wconf 89' lang='lat' dir='ltr'><strong>tu</strong></span> <span class='ocrx_word' id='word_1_112' title='bbox 896 1616 942 1682; x_wconf 92' lang='lat' dir='ltr'><strong>rei</strong></span> <span class='ocrx_word' id='word_1_113' title='bbox 966 1640 996 1702; x_wconf 91' lang='lat' dir='ltr'><strong>p.</strong></span> <span class='ocrx_word' id='word_1_114' title='bbox 1020 1615 1240 1681; x_wconf 87' lang='lat' dir='ltr'><strong>calamitatem</strong></span> <span class='ocrx_word' id='word_1_115' title='bbox 1264 1637 1391 1701; x_wconf 86' lang='lat' dir='ltr'><strong>semper</strong></span> 
     </span>
     <span class='ocr_line' id='line_1_13' title="bbox 112 1721 1391 1810; baseline -0.002 -21"><span class='ocrx_word' id='word_1_116' title='bbox 112 1723 270 1809; x_wconf 84' lang='lat' dir='ltr'><strong>appelles,</strong></span> <span class='ocrx_word' id='word_1_117' title='bbox 303 1745 409 1788; x_wconf 87' lang='lat' dir='ltr'><strong>meam</strong></span> <span class='ocrx_word' id='word_1_118' title='bbox 440 1745 506 1788; x_wconf 93' lang='lat' dir='ltr'><strong>non</strong></span> <span class='ocrx_word' id='word_1_119' title='bbox 538 1721 633 1787; x_wconf 93' lang='lat' dir='ltr'><strong>modo</strong></span> <span class='ocrx_word' id='word_1_120' title='bbox 664 1744 730 1787; x_wconf 92' lang='lat' dir='ltr'><strong>non</strong></span> <span class='ocrx_word' id='word_1_121' title='bbox 758 1723 993 1810; x_wconf 87' lang='lat' dir='ltr'><strong>calamitatem,</strong></span> <span class='ocrx_word' id='word_1_122' title='bbox 1023 1725 1078 1788; x_wconf 91' lang='lat' dir='ltr'><strong>sed</strong></span> <span class='ocrx_word' id='word_1_123' title='bbox 1111 1724 1210 1789; x_wconf 90' lang='lat' dir='ltr'><strong>etiam</strong></span> <span class='ocrx_word' id='word_1_124' title='bbox 1243 1721 1391 1809; x_wconf 88' lang='lat' dir='ltr'><strong>gloriam,</strong></span> 
     </span>
     <span class='ocr_line' id='line_1_14' title="bbox 111 1828 1392 1916; baseline -0.001 -20"><span class='ocrx_word' id='word_1_125' title='bbox 111 1831 221 1896; x_wconf 89' lang='lat' dir='ltr'><strong>studui</strong></span> <span class='ocrx_word' id='word_1_126' title='bbox 245 1853 343 1916; x_wconf 91' lang='lat' dir='ltr'><strong>quam</strong></span> <span class='ocrx_word' id='word_1_127' title='bbox 367 1829 577 1895; x_wconf 87' lang='lat' dir='ltr'><strong>ornatissima</strong></span> <span class='ocrx_word' id='word_1_128' title='bbox 599 1832 731 1894; x_wconf 90' lang='lat' dir='ltr'><strong>senatus</strong></span> <span class='ocrx_word' id='word_1_129' title='bbox 755 1829 930 1915; x_wconf 91' lang='lat' dir='ltr'><strong>populique</strong></span> <span class='ocrx_word' id='word_1_130' title='bbox 950 1828 988 1894; x_wconf 88' lang='lat' dir='ltr'><strong>R.</strong></span> <span class='ocrx_word' id='word_1_131' title='bbox 1012 1830 1051 1894; x_wconf 89' lang='lat' dir='ltr'><strong>de</strong></span> <span class='ocrx_word' id='word_1_132' title='bbox 1074 1853 1125 1895; x_wconf 86' lang='lat' dir='ltr'><strong>me</strong></span> <span class='ocrx_word' id='word_1_133' title='bbox 1149 1829 1269 1895; x_wconf 89' lang='lat' dir='ltr'><strong>iudicia</strong></span> <span class='ocrx_word' id='word_1_134' title='bbox 1292 1830 1392 1895; x_wconf 90' lang='lat' dir='ltr'><strong>iuter·</strong></span> 
     </span>
     <span class='ocr_line' id='line_1_15' title="bbox 111 1935 1392 2023; baseline 0 -21"><span class='ocrx_word' id='word_1_135' title='bbox 111 1938 237 2003; x_wconf 87' lang='lat' dir='ltr'><strong>cedere:</strong></span> <span class='ocrx_word' id='word_1_136' title='bbox 265 1937 376 2023; x_wconf 89' lang='lat' dir='ltr'><strong>itaque</strong></span> <span class='ocrx_word' id='word_1_137' title='bbox 399 1940 432 2002; x_wconf 88' lang='lat' dir='ltr'><strong>et</strong></span> <span class='ocrx_word' id='word_1_138' title='bbox 456 1958 560 2022; x_wconf 87' lang='lat' dir='ltr'><strong>augur</strong></span> <span class='ocrx_word' id='word_1_139' title='bbox 582 1940 697 2021; x_wconf 88' lang='lat' dir='ltr'><strong>postea</strong></span> <span class='ocrx_word' id='word_1_140' title='bbox 719 1935 789 2001; x_wconf 91' lang='lat' dir='ltr'><strong>fieri</strong></span> <span class='ocrx_word' id='word_1_141' title='bbox 812 1936 914 2020; x_wconf 82' lang='lat' dir='ltr'><strong>volui,</strong></span> <span class='ocrx_word' id='word_1_142' title='bbox 943 1936 1027 2022; x_wconf 90' lang='lat' dir='ltr'><strong>quod</strong></span> <span class='ocrx_word' id='word_1_143' title='bbox 1057 1942 1154 2002; x_wconf 87' lang='lat' dir='ltr'><strong>antea</strong></span> <span class='ocrx_word' id='word_1_144' title='bbox 1176 1937 1392 2023; x_wconf 81' lang='lat' dir='ltr'><strong>neglexeram,</strong></span> 
     </span>
     <span class='ocr_line' id='line_1_16' title="bbox 71 2041 1390 2129; baseline -0.001 -19"><span class='ocrx_word' id='word_1_145' title='bbox 71 2071 98 2111; x_wconf 79' lang='lat' dir='ltr'><strong>rs</strong></span> <span class='ocrx_word' id='word_1_146' title='bbox 112 2048 146 2109; x_wconf 89' lang='lat' dir='ltr'><strong>et</strong></span> <span class='ocrx_word' id='word_1_147' title='bbox 169 2066 242 2109; x_wconf 90' lang='lat' dir='ltr'><strong>eum</strong></span> <span class='ocrx_word' id='word_1_148' title='bbox 264 2043 431 2128; x_wconf 88' lang='lat' dir='ltr'><strong>honorem,</strong></span> <span class='ocrx_word' id='word_1_149' title='bbox 456 2042 511 2129; x_wconf 94' lang='lat' dir='ltr'><strong>qui</strong></span> <span class='ocrx_word' id='word_1_150' title='bbox 531 2065 551 2107; x_wconf 91' lang='lat' dir='ltr'><strong>a</strong></span> <span class='ocrx_word' id='word_1_151' title='bbox 568 2047 683 2107; x_wconf 91' lang='lat' dir='ltr'><strong>senatu</strong></span> <span class='ocrx_word' id='word_1_152' title='bbox 705 2041 807 2106; x_wconf 88' lang='lat' dir='ltr'><strong>tribui</strong></span> <span class='ocrx_word' id='word_1_153' title='bbox 825 2042 922 2107; x_wconf 89' lang='lat' dir='ltr'><strong>rebus</strong></span> <span class='ocrx_word' id='word_1_154' title='bbox 942 2043 1068 2108; x_wconf 80' lang='lat' dir='ltr'><strong>bellicis</strong></span> <span class='ocrx_word' id='word_1_155' title='bbox 1088 2044 1181 2126; x_wconf 90' lang='lat' dir='ltr'><strong>solet,</strong></span> <span class='ocrx_word' id='word_1_156' title='bbox 1205 2042 1390 2129; x_wconf 88' lang='lat' dir='ltr'><strong>neglectum</strong></span> 
     </span>
     <span class='ocr_line' id='line_1_17' title="bbox 105 2150 1538 2235; baseline -0.001 -25"><span class='ocrx_word' id='word_1_157' title='bbox 105 2175 131 2217; x_wconf 83' lang='lat' dir='ltr'><strong>a</strong></span> <span class='ocrx_word' id='word_1_158' title='bbox 154 2173 205 2216; x_wconf 92' lang='lat' dir='ltr'><strong>me</strong></span> <span class='ocrx_word' id='word_1_159' title='bbox 229 2150 321 2232; x_wconf 91' lang='lat' dir='ltr'><strong>olim,</strong></span> <span class='ocrx_word' id='word_1_160' title='bbox 350 2172 437 2215; x_wconf 93' lang='lat' dir='ltr'><strong>nunc</strong></span> <span class='ocrx_word' id='word_1_161' title='bbox 459 2150 540 2215; x_wconf 92' lang='lat' dir='ltr'><strong>mihi</strong></span> <span class='ocrx_word' id='word_1_162' title='bbox 564 2150 778 2235; x_wconf 87' lang='lat' dir='ltr'><strong>expetendum</strong></span> <span class='ocrx_word' id='word_1_163' title='bbox 801 2153 890 2234; x_wconf 87' lang='lat' dir='ltr'><strong>puto.</strong></span> <span class='ocrx_word' id='word_1_164' title='bbox 931 2150 1008 2215; x_wconf 92' lang='lat' dir='ltr'><strong>huic</strong></span> <span class='ocrx_word' id='word_1_165' title='bbox 1035 2172 1125 2215; x_wconf 89' lang='lat' dir='ltr'><strong>meae</strong></span> <span class='ocrx_word' id='word_1_166' title='bbox 1155 2150 1329 2234; x_wconf 84' lang='lat' dir='ltr'><strong>voluntati,</strong></span> <span class='ocrx_word' id='word_1_167' title='bbox 1356 2151 1391 2216; x_wconf 94' lang='lat' dir='ltr'><strong>in</strong></span> <span class='ocrx_word' id='word_1_168' title='bbox 1404 2162 1435 2210; x_wconf 74' lang='lat'><strong>14</strong></span> <span class='ocrx_word' id='word_1_169' title='bbox 1535 2153 1538 2158; x_wconf 85' lang='lat'>&#39;</span> 
     </span>
     <span class='ocr_line' id='line_1_18' title="bbox 112 2256 1391 2344; baseline -0.001 -21"><span class='ocrx_word' id='word_1_170' title='bbox 112 2281 178 2344; x_wconf 81' lang='lat' dir='ltr'><strong>qua</strong></span> <span class='ocrx_word' id='word_1_171' title='bbox 195 2259 282 2323; x_wconf 91' lang='lat' dir='ltr'><strong>inest</strong></span> <span class='ocrx_word' id='word_1_172' title='bbox 300 2257 480 2342; x_wconf 81' lang='lat' dir='ltr'><strong>aliquavis</strong></span> <span class='ocrx_word' id='word_1_173' title='bbox 498 2256 648 2322; x_wconf 90' lang='lat' dir='ltr'><strong>desiderii</strong></span> <span class='ocrx_word' id='word_1_174' title='bbox 668 2257 708 2321; x_wconf 89' lang='lat' dir='ltr'><strong>ad</strong></span> <span class='ocrx_word' id='word_1_175' title='bbox 727 2257 907 2321; x_wconf 82' lang='lat' dir='ltr'><strong>sonandum</strong></span> <span class='ocrx_word' id='word_1_176' title='bbox 925 2256 1041 2322; x_wconf 90' lang='lat' dir='ltr'><strong>vulnus</strong></span> <span class='ocrx_word' id='word_1_177' title='bbox 1059 2256 1207 2338; x_wconf 86' lang='lat' dir='ltr'><strong>iniuriae,</strong></span> <span class='ocrx_word' id='word_1_178' title='bbox 1225 2261 1263 2322; x_wconf 94' lang='lat' dir='ltr'><strong>ut</strong></span> <span class='ocrx_word' id='word_1_179' title='bbox 1281 2257 1391 2323; x_wconf 80' lang='lat' dir='ltr'><strong>faveas</strong></span> 
     </span>
     <span class='ocr_line' id='line_1_19' title="bbox 113 2363 1393 2450; baseline 0 -20"><span class='ocrx_word' id='word_1_180' title='bbox 113 2365 306 2448; x_wconf 83' lang='lat' dir='ltr'><strong>adiutorque</strong></span> <span class='ocrx_word' id='word_1_181' title='bbox 329 2364 392 2448; x_wconf 90' lang='lat' dir='ltr'><strong>sis,</strong></span> <span class='ocrx_word' id='word_1_182' title='bbox 416 2364 501 2448; x_wconf 93' lang='lat' dir='ltr'><strong>quod</strong></span> <span class='ocrx_word' id='word_1_183' title='bbox 524 2363 622 2447; x_wconf 89' lang='lat' dir='ltr'><strong>paulo</strong></span> <span class='ocrx_word' id='word_1_184' title='bbox 646 2368 720 2428; x_wconf 85' lang='lat' dir='ltr'><strong>ante</strong></span> <span class='ocrx_word' id='word_1_185' title='bbox 744 2385 794 2427; x_wconf 87' lang='lat' dir='ltr'><strong>me</strong></span> <span class='ocrx_word' id='word_1_186' title='bbox 817 2384 972 2448; x_wconf 89' lang='lat' dir='ltr'><strong>negaram</strong></span> <span class='ocrx_word' id='word_1_187' title='bbox 996 2369 1203 2450; x_wconf 89' lang='lat' dir='ltr'><strong>rogaturum,</strong></span> <span class='ocrx_word' id='word_1_188' title='bbox 1226 2371 1393 2431; x_wconf 79' lang='lat' dir='ltr'><strong>semanter</strong></span> 
     </span>
     <span class='ocr_line' id='line_1_20' title="bbox 112 2469 1392 2558; baseline 0 -22"><span class='ocrx_word' id='word_1_189' title='bbox 112 2476 146 2537; x_wconf 91' lang='lat' dir='ltr'><strong>te</strong></span> <span class='ocrx_word' id='word_1_190' title='bbox 169 2492 265 2557; x_wconf 91' lang='lat' dir='ltr'><strong>rogo,</strong></span> <span class='ocrx_word' id='word_1_191' title='bbox 289 2471 344 2535; x_wconf 90' lang='lat' dir='ltr'><strong>sed</strong></span> <span class='ocrx_word' id='word_1_192' title='bbox 368 2471 428 2555; x_wconf 90' lang='lat' dir='ltr'><strong>ita,</strong></span> <span class='ocrx_word' id='word_1_193' title='bbox 451 2471 479 2535; x_wconf 91' lang='lat' dir='ltr'><strong>si</strong></span> <span class='ocrx_word' id='word_1_194' title='bbox 502 2492 568 2535; x_wconf 89' lang='lat' dir='ltr'><strong>non</strong></span> <span class='ocrx_word' id='word_1_195' title='bbox 591 2469 735 2533; x_wconf 90' lang='lat' dir='ltr'><strong>ieiunum</strong></span> <span class='ocrx_word' id='word_1_196' title='bbox 758 2469 820 2534; x_wconf 91' lang='lat' dir='ltr'><strong>hoc</strong></span> <span class='ocrx_word' id='word_1_197' title='bbox 843 2470 952 2534; x_wconf 87' lang='lat' dir='ltr'><strong>nescio</strong></span> <span class='ocrx_word' id='word_1_198' title='bbox 977 2470 1068 2554; x_wconf 92' lang='lat' dir='ltr'><strong>quid,</strong></span> <span class='ocrx_word' id='word_1_199' title='bbox 1097 2472 1182 2555; x_wconf 92' lang='lat' dir='ltr'><strong>quod</strong></span> <span class='ocrx_word' id='word_1_200' title='bbox 1210 2493 1271 2557; x_wconf 90' lang='lat' dir='ltr'><strong>ego</strong></span> <span class='ocrx_word' id='word_1_201' title='bbox 1295 2473 1392 2558; x_wconf 86' lang='lat' dir='ltr'><strong>gessi,</strong></span> 
     </span>
     <span class='ocr_line' id='line_1_21' title="bbox 71 2575 1392 2663; baseline 0.002 -21"><span class='ocrx_word' id='word_1_202' title='bbox 71 2604 99 2642; x_wconf 80' lang='lat' dir='ltr'><strong>so</strong></span> <span class='ocrx_word' id='word_1_203' title='bbox 113 2583 148 2644; x_wconf 92' lang='lat' dir='ltr'><strong>et</strong></span> <span class='ocrx_word' id='word_1_204' title='bbox 171 2577 442 2644; x_wconf 87' lang='lat' dir='ltr'><strong>contemnendum</strong></span> <span class='ocrx_word' id='word_1_205' title='bbox 466 2575 637 2660; x_wconf 84' lang='lat' dir='ltr'><strong>videbitur,</strong></span> <span class='ocrx_word' id='word_1_206' title='bbox 662 2576 718 2655; x_wconf 75' lang='lat' dir='ltr'><strong>sed</strong></span> <span class='ocrx_word' id='word_1_207' title='bbox 738 2575 803 2641; x_wconf 88' lang='lat' dir='ltr'><strong>tale</strong></span> <span class='ocrx_word' id='word_1_208' title='bbox 823 2579 922 2661; x_wconf 87' lang='lat' dir='ltr'><strong>atque</strong></span> <span class='ocrx_word' id='word_1_209' title='bbox 941 2581 1080 2663; x_wconf 87' lang='lat' dir='ltr'><strong>tantum,</strong></span> <span class='ocrx_word' id='word_1_210' title='bbox 1104 2582 1141 2642; x_wconf 88' lang='lat' dir='ltr'><strong>ut</strong></span> <span class='ocrx_word' id='word_1_211' title='bbox 1161 2579 1256 2643; x_wconf 89' lang='lat' dir='ltr'><strong>multi</strong></span> <span class='ocrx_word' id='word_1_212' title='bbox 1275 2600 1392 2663; x_wconf 91' lang='lat' dir='ltr'><strong>nequa·</strong></span> 
     </span>
     <span class='ocr_line' id='line_1_22' title="bbox 113 2684 1391 2771; baseline 0.001 -21"><span class='ocrx_word' id='word_1_213' title='bbox 113 2708 212 2771; x_wconf 85' lang='lat' dir='ltr'><strong>quam</strong></span> <span class='ocrx_word' id='word_1_214' title='bbox 225 2684 359 2770; x_wconf 89' lang='lat' dir='ltr'><strong>paribus</strong></span> <span class='ocrx_word' id='word_1_215' title='bbox 375 2685 471 2749; x_wconf 90' lang='lat' dir='ltr'><strong>rebus</strong></span> <span class='ocrx_word' id='word_1_216' title='bbox 485 2684 625 2749; x_wconf 88' lang='lat' dir='ltr'><strong>honores</strong></span> <span class='ocrx_word' id='word_1_217' title='bbox 640 2704 784 2747; x_wconf 88' lang='lat' dir='ltr'><strong>summos</strong></span> <span class='ocrx_word' id='word_1_218' title='bbox 799 2706 819 2747; x_wconf 89' lang='lat' dir='ltr'><strong>a</strong></span> <span class='ocrx_word' id='word_1_219' title='bbox 833 2688 949 2748; x_wconf 88' lang='lat' dir='ltr'><strong>senatu</strong></span> <span class='ocrx_word' id='word_1_220' title='bbox 964 2686 1128 2751; x_wconf 85' lang='lat' dir='ltr'><strong>consecuti</strong></span> <span class='ocrx_word' id='word_1_221' title='bbox 1143 2686 1219 2751; x_wconf 88' lang='lat' dir='ltr'><strong>sint.</strong></span> <span class='ocrx_word' id='word_1_222' title='bbox 1243 2687 1391 2771; x_wconf 90' lang='lat' dir='ltr'><strong>equidem</strong></span> 
     </span>
     <span class='ocr_line' id='line_1_23' title="bbox 113 2789 1392 2877; baseline -0.001 -18"><span class='ocrx_word' id='word_1_223' title='bbox 113 2794 213 2859; x_wconf 89' lang='lat' dir='ltr'><strong>etiam</strong></span> <span class='ocrx_word' id='word_1_224' title='bbox 236 2792 316 2857; x_wconf 91' lang='lat' dir='ltr'><strong>illud</strong></span> <span class='ocrx_word' id='word_1_225' title='bbox 340 2790 420 2855; x_wconf 92' lang='lat' dir='ltr'><strong>mihi</strong></span> <span class='ocrx_word' id='word_1_226' title='bbox 445 2790 590 2854; x_wconf 86' lang='lat' dir='ltr'><strong>animum</strong></span> <span class='ocrx_word' id='word_1_227' title='bbox 613 2789 791 2854; x_wconf 79' lang='lat' dir='ltr'><strong>advertisse</strong></span> <span class='ocrx_word' id='word_1_228' title='bbox 815 2790 987 2856; x_wconf 84' lang='lat' dir='ltr'><strong>videor-</strong></span> <span class='ocrx_word' id='word_1_229' title='bbox 1007 2793 1071 2857; x_wconf 90' lang='lat' dir='ltr'><strong>scis</strong></span> <span class='ocrx_word' id='word_1_230' title='bbox 1095 2794 1194 2877; x_wconf 91' lang='lat' dir='ltr'><strong>enim,</strong></span> <span class='ocrx_word' id='word_1_231' title='bbox 1225 2815 1323 2876; x_wconf 82' lang='lat' dir='ltr'><strong>quam</strong></span> <span class='ocrx_word' id='word_1_232' title='bbox 1346 2798 1392 2858; x_wconf 82' lang='lat' dir='ltr'><strong>at</strong></span> 
     </span>
     <span class='ocr_line' id='line_1_24' title="bbox 114 2896 1391 2985; baseline -0.001 -20"><span class='ocrx_word' id='word_1_233' title='bbox 114 2904 203 2965; x_wconf 84' lang='lat' dir='ltr'><strong>tonte</strong></span> <span class='ocrx_word' id='word_1_234' title='bbox 227 2903 260 2963; x_wconf 88' lang='lat' dir='ltr'><strong>te</strong></span> <span class='ocrx_word' id='word_1_235' title='bbox 279 2896 394 2962; x_wconf 80' lang='lat' dir='ltr'><strong>&#39;audire</strong></span> <span class='ocrx_word' id='word_1_236' title='bbox 419 2897 542 2961; x_wconf 88' lang='lat' dir='ltr'><strong>soleam</strong></span> <span class='ocrx_word' id='word_1_237' title='bbox 561 2933 613 2980; x_wconf 95' lang='lat'><strong>-,</strong></span> <span class='ocrx_word' id='word_1_238' title='bbox 636 2900 669 2961; x_wconf 90' lang='lat' dir='ltr'><strong>te</strong></span> <span class='ocrx_word' id='word_1_239' title='bbox 692 2901 849 2961; x_wconf 86' lang='lat' dir='ltr'><strong>nontam</strong></span> <span class='ocrx_word' id='word_1_240' title='bbox 873 2920 924 2963; x_wconf 89' lang='lat' dir='ltr'><strong>res</strong></span> <span class='ocrx_word' id='word_1_241' title='bbox 948 2903 1059 2985; x_wconf 82' lang='lat' dir='ltr'><strong>gestas</strong></span> <span class='ocrx_word' id='word_1_242' title='bbox 1084 2922 1182 2984; x_wconf 90' lang='lat' dir='ltr'><strong>quam</strong></span> <span class='ocrx_word' id='word_1_243' title='bbox 1206 2922 1323 2985; x_wconf 89' lang='lat' dir='ltr'><strong>mores,</strong></span> <span class='ocrx_word' id='word_1_244' title='bbox 1346 2900 1391 2964; x_wconf 93' lang='lat' dir='ltr'><strong>in·</strong></span> 
     </span>
     <span class='ocr_line' id='line_1_25' title="bbox 114 3004 1392 3090; baseline -0.001 -18"><span class='ocrx_word' id='word_1_245' title='bbox 114 3007 231 3072; x_wconf 87' lang='lat' dir='ltr'><strong>stituta</strong></span> <span class='ocrx_word' id='word_1_246' title='bbox 261 3008 357 3088; x_wconf 87' lang='lat' dir='ltr'><strong>atque</strong></span> <span class='ocrx_word' id='word_1_247' title='bbox 386 3004 488 3068; x_wconf 82' lang='lat' dir='ltr'><strong>vitam</strong></span> <span class='ocrx_word' id='word_1_248' title='bbox 520 3004 753 3090; x_wconf 87' lang='lat' dir='ltr'><strong>imperatorum</strong></span> <span class='ocrx_word' id='word_1_249' title='bbox 781 3009 928 3088; x_wconf 90' lang='lat' dir='ltr'><strong>spectare</strong></span> <span class='ocrx_word' id='word_1_250' title='bbox 955 3006 1059 3071; x_wconf 89' lang='lat' dir='ltr'><strong>solere</strong></span> <span class='ocrx_word' id='word_1_251' title='bbox 1074 3006 1121 3071; x_wconf 87' lang='lat' dir='ltr'><strong>·in</strong></span> <span class='ocrx_word' id='word_1_252' title='bbox 1148 3006 1306 3072; x_wconf 87' lang='lat' dir='ltr'><strong>habendis</strong></span> <span class='ocrx_word' id='word_1_253' title='bbox 1335 3011 1392 3072; x_wconf 88' lang='lat' dir='ltr'><strong>aut</strong></span> 
     </span>
     <span class='ocr_line' id='line_1_26' title="bbox 74 3110 1391 3199; baseline 0.002 -24"><span class='ocrx_word' id='word_1_254' title='bbox 74 3134 181 3178; x_wconf 70' lang='lat' dir='ltr'><strong>arnon</strong></span> <span class='ocrx_word' id='word_1_255' title='bbox 203 3111 361 3178; x_wconf 85' lang='lat' dir='ltr'><strong>habendis</strong></span> <span class='ocrx_word' id='word_1_256' title='bbox 385 3110 577 3194; x_wconf 82' lang='lat' dir='ltr'><strong>honoribus3</strong></span> <span class='ocrx_word' id='word_1_257' title='bbox 607 3111 693 3195; x_wconf 93' lang='lat' dir='ltr'><strong>quod</strong></span> <span class='ocrx_word' id='word_1_258' title='bbox 718 3110 803 3175; x_wconf 91' lang='lat' dir='ltr'><strong>siin</strong></span> <span class='ocrx_word' id='word_1_259' title='bbox 827 3135 899 3176; x_wconf 87' lang='lat' dir='ltr'><strong>mea</strong></span> <span class='ocrx_word' id='word_1_260' title='bbox 922 3135 1020 3178; x_wconf 79' lang='lat' dir='ltr'><strong>causa</strong></span> <span class='ocrx_word' id='word_1_261' title='bbox 1042 3113 1276 3196; x_wconf 89' lang='lat' dir='ltr'><strong>considerabis,</strong></span> <span class='ocrx_word' id='word_1_262' title='bbox 1303 3136 1391 3199; x_wconf 87' lang='lat' dir='ltr'><strong>repe·</strong></span> 
     </span>
     <span class='ocr_line' id='line_1_27' title="bbox 115 3217 1392 3286; baseline 0.001 -2"><span class='ocrx_word' id='word_1_263' title='bbox 115 3218 179 3284; x_wconf 90' lang='lat' dir='ltr'><strong>ries</strong></span> <span class='ocrx_word' id='word_1_264' title='bbox 202 3241 255 3284; x_wconf 92' lang='lat' dir='ltr'><strong>me</strong></span> <span class='ocrx_word' id='word_1_265' title='bbox 279 3217 420 3282; x_wconf 79' lang='lat' dir='ltr'><strong>exercitu</strong></span> <span class='ocrx_word' id='word_1_266' title='bbox 446 3217 597 3283; x_wconf 91' lang='lat' dir='ltr'><strong>inbecillo</strong></span> <span class='ocrx_word' id='word_1_267' title='bbox 622 3223 735 3282; x_wconf 89' lang='lat' dir='ltr'><strong>eontra</strong></span> <span class='ocrx_word' id='word_1_268' title='bbox 758 3223 881 3284; x_wconf 92' lang='lat' dir='ltr'><strong>metum</strong></span> <span class='ocrx_word' id='word_1_269' title='bbox 905 3219 1038 3284; x_wconf 87' lang='lat' dir='ltr'><strong>maximi</strong></span> <span class='ocrx_word' id='word_1_270' title='bbox 1061 3219 1139 3285; x_wconf 86' lang='lat' dir='ltr'><strong>belli</strong></span> <span class='ocrx_word' id='word_1_271' title='bbox 1168 3220 1392 3286; x_wconf 90' lang='lat' dir='ltr'><strong>firmissimum</strong></span> 
     </span>
     <span class='ocr_line' id='line_1_28' title="bbox 114 3324 1392 3413; baseline 0.002 -23"><span class='ocrx_word' id='word_1_272' title='bbox 114 3325 312 3410; x_wconf 89' lang='lat' dir='ltr'><strong>praesidium</strong></span> <span class='ocrx_word' id='word_1_273' title='bbox 334 3324 488 3389; x_wconf 84' lang='lat' dir='ltr'><strong>habuisse</strong></span> <span class='ocrx_word' id='word_1_274' title='bbox 512 3325 710 3409; x_wconf 84' lang='lat' dir='ltr'><strong>aequitatem</strong></span> <span class='ocrx_word' id='word_1_275' title='bbox 738 3329 771 3390; x_wconf 88' lang='lat' dir='ltr'><strong>et</strong></span> <span class='ocrx_word' id='word_1_276' title='bbox 800 3326 1047 3392; x_wconf 87' lang='lat' dir='ltr'><strong>continentiam:</strong></span> <span class='ocrx_word' id='word_1_277' title='bbox 1075 3327 1127 3392; x_wconf 92' lang='lat' dir='ltr'><strong>his</strong></span> <span class='ocrx_word' id='word_1_278' title='bbox 1153 3349 1214 3413; x_wconf 87' lang='lat' dir='ltr'><strong>ego</strong></span> <span class='ocrx_word' id='word_1_279' title='bbox 1238 3327 1392 3392; x_wconf 90' lang='lat' dir='ltr'><strong>subsidiis</strong></span> 
     </span>
    </p>

    <p class='ocr_par' dir='ltr' id='par_1_5' title="bbox 53 3422 1392 3624">
     <span class='ocr_line' id='line_1_29' title="bbox 53 3422 1392 3520; baseline 0.001 -23"><span class='ocrx_word' id='word_1_280' title='bbox 53 3422 59 3432; x_wconf 69' lang='grc'><strong><em>’</em></strong></span> <span class='ocrx_word' id='word_1_281' title='bbox 115 3456 153 3498; x_wconf 85' lang='lat' dir='ltr'><strong>cs</strong></span> <span class='ocrx_word' id='word_1_282' title='bbox 176 3455 248 3497; x_wconf 91' lang='lat' dir='ltr'><strong>sum</strong></span> <span class='ocrx_word' id='word_1_283' title='bbox 272 3436 478 3516; x_wconf 87' lang='lat' dir='ltr'><strong>consecutus,</strong></span> <span class='ocrx_word' id='word_1_284' title='bbox 509 3454 591 3516; x_wconf 85' lang='lat' dir='ltr'><strong>quae</strong></span> <span class='ocrx_word' id='word_1_285' title='bbox 614 3431 712 3496; x_wconf 91' lang='lat' dir='ltr'><strong>nullis</strong></span> <span class='ocrx_word' id='word_1_286' title='bbox 741 3433 923 3518; x_wconf 83' lang='lat' dir='ltr'><strong>legionibus</strong></span> <span class='ocrx_word' id='word_1_287' title='bbox 952 3435 1106 3520; x_wconf 89' lang='lat' dir='ltr'><strong>consequi</strong></span> <span class='ocrx_word' id='word_1_288' title='bbox 1134 3434 1327 3518; x_wconf 90' lang='lat' dir='ltr'><strong>potuissem,</strong></span> <span class='ocrx_word' id='word_1_289' title='bbox 1354 3439 1392 3498; x_wconf 93' lang='lat' dir='ltr'><strong>ut</strong></span> 
     </span>
     <span class='ocr_line' id='line_1_30' title="bbox 114 3537 1392 3624; baseline 0.001 -19"><span class='ocrx_word' id='word_1_290' title='bbox 114 3539 197 3624; x_wconf 76' lang='lat' dir='ltr'><strong>(cx)</strong></span> <span class='ocrx_word' id='word_1_291' title='bbox 225 3537 432 3604; x_wconf 90' lang='lat' dir='ltr'><strong>alienissimis</strong></span> <span class='ocrx_word' id='word_1_292' title='bbox 462 3537 559 3603; x_wconf 92' lang='lat' dir='ltr'><strong>sociis</strong></span> <span class='ocrx_word' id='word_1_293' title='bbox 589 3537 818 3623; x_wconf 87' lang='lat' dir='ltr'><strong>amicissimos,</strong></span> <span class='ocrx_word' id='word_1_294' title='bbox 851 3561 889 3603; x_wconf 84' lang='lat' dir='ltr'><strong>ex</strong></span> <span class='ocrx_word' id='word_1_295' title='bbox 921 3541 1154 3606; x_wconf 89' lang='lat' dir='ltr'><strong>infidelissimis</strong></span> <span class='ocrx_word' id='word_1_296' title='bbox 1187 3541 1392 3606; x_wconf 88' lang='lat' dir='ltr'><strong>firmissimos</strong></span> 
     </span>
    </p>

    <p class='ocr_par' dir='ltr' id='par_1_6' title="bbox 72 3644 1434 3944">
     <span class='ocr_line' id='line_1_31' title="bbox 72 3644 1391 3731; baseline 0 -19"><span class='ocrx_word' id='word_1_297' title='bbox 72 3646 281 3712; x_wconf 79' lang='lat' dir='ltr'><strong>acredderem</strong></span> <span class='ocrx_word' id='word_1_298' title='bbox 314 3644 504 3731; x_wconf 88' lang='lat' dir='ltr'><strong>animosque</strong></span> <span class='ocrx_word' id='word_1_299' title='bbox 536 3667 694 3710; x_wconf 84' lang='lat' dir='ltr'><strong>novarum</strong></span> <span class='ocrx_word' id='word_1_300' title='bbox 726 3668 833 3710; x_wconf 89' lang='lat' dir='ltr'><strong>rerum</strong></span> <span class='ocrx_word' id='word_1_301' title='bbox 867 3647 1109 3730; x_wconf 84' lang='lat' dir='ltr'><strong>exspectatione</strong></span> <span class='ocrx_word' id='word_1_302' title='bbox 1144 3668 1318 3731; x_wconf 89' lang='lat' dir='ltr'><strong>suspensos</strong></span> <span class='ocrx_word' id='word_1_303' title='bbox 1352 3649 1391 3712; x_wconf 86' lang='lat' dir='ltr'><strong>ad</strong></span> 
     </span>
     <span class='ocr_line' id='line_1_32' title="bbox 114 3751 1434 3836; baseline 0.002 -18"><span class='ocrx_word' id='word_1_304' title='bbox 114 3752 234 3818; x_wconf 86' lang='lat' dir='ltr'><strong>veteris</strong></span> <span class='ocrx_word' id='word_1_305' title='bbox 259 3751 387 3836; x_wconf 89' lang='lat' dir='ltr'><strong>imperii</strong></span> <span class='ocrx_word' id='word_1_306' title='bbox 410 3752 663 3817; x_wconf 84' lang='lat' dir='ltr'><strong>benivolentiam</strong></span> <span class='ocrx_word' id='word_1_307' title='bbox 686 3753 897 3818; x_wconf 90' lang='lat' dir='ltr'><strong>traducerem.</strong></span> <span class='ocrx_word' id='word_1_308' title='bbox 939 3753 995 3818; x_wconf 91' lang='lat' dir='ltr'><strong>sed</strong></span> <span class='ocrx_word' id='word_1_309' title='bbox 1013 3753 1111 3818; x_wconf 92' lang='lat' dir='ltr'><strong>nimis</strong></span> <span class='ocrx_word' id='word_1_310' title='bbox 1132 3754 1212 3818; x_wconf 86' lang='lat' dir='ltr'><strong>haee</strong></span> <span class='ocrx_word' id='word_1_311' title='bbox 1231 3755 1334 3819; x_wconf 90' lang='lat' dir='ltr'><strong>multa</strong></span> <span class='ocrx_word' id='word_1_312' title='bbox 1353 3756 1391 3820; x_wconf 90' lang='lat' dir='ltr'><strong>de</strong></span> <span class='ocrx_word' id='word_1_313' title='bbox 1405 3766 1434 3811; x_wconf 80' lang='lat'><strong>15</strong></span> 
     </span>
     <span class='ocr_line' id='line_1_33' title="bbox 115 3858 1389 3944; baseline 0 -20"><span class='ocrx_word' id='word_1_314' title='bbox 115 3882 175 3943; x_wconf 93' lang='lat' dir='ltr'><strong>me,</strong></span> <span class='ocrx_word' id='word_1_315' title='bbox 189 3858 383 3944; x_wconf 86' lang='lat' dir='ltr'><strong>praesertim</strong></span> <span class='ocrx_word' id='word_1_316' title='bbox 399 3859 438 3922; x_wconf 86' lang='lat' dir='ltr'><strong>ad</strong></span> <span class='ocrx_word' id='word_1_317' title='bbox 453 3864 495 3943; x_wconf 92' lang='lat' dir='ltr'><strong>te,</strong></span> <span class='ocrx_word' id='word_1_318' title='bbox 512 3881 531 3922; x_wconf 92' lang='lat' dir='ltr'><strong>a</strong></span> <span class='ocrx_word' id='word_1_319' title='bbox 546 3881 609 3944; x_wconf 92' lang='lat' dir='ltr'><strong>quo</strong></span> <span class='ocrx_word' id='word_1_320' title='bbox 624 3882 688 3923; x_wconf 92' lang='lat' dir='ltr'><strong>uno</strong></span> <span class='ocrx_word' id='word_1_321' title='bbox 704 3859 848 3923; x_wconf 87' lang='lat' dir='ltr'><strong>omnium</strong></span> <span class='ocrx_word' id='word_1_322' title='bbox 864 3859 1025 3925; x_wconf 90' lang='lat' dir='ltr'><strong>sociorum</strong></span> <span class='ocrx_word' id='word_1_323' title='bbox 1040 3860 1189 3943; x_wconf 89' lang='lat' dir='ltr'><strong>querelae</strong></span> <span class='ocrx_word' id='word_1_324' title='bbox 1204 3862 1389 3926; x_wconf 82' lang='lat' dir='ltr'><strong>audiuntur:</strong></span> 
     </span>
    </p>
   </div>
   <div class='ocr_carea' id='block_1_3' title="bbox 115 4004 272 4011">
    <p class='ocr_par' dir='ltr' id='par_1_7' title="bbox 115 4004 272 4011">
     <span class='ocr_line' id='line_1_34' title="bbox 115 4004 272 4011; baseline -0.006 -1"><span class='ocrx_word' id='word_1_325' title='bbox 115 4004 209 4011; x_wconf 65' lang='grc'><em>.-...-</em></span> <span class='ocrx_word' id='word_1_326' title='bbox 214 4004 225 4010; x_wconf 78' lang='grc'><em>-</em></span> <span class='ocrx_word' id='word_1_327' title='bbox 269 4004 272 4009; x_wconf 94' lang='grc'><em>.</em></span> 
     </span>
    </p>
   </div>
   <div class='ocr_carea' id='block_1_4' title="bbox 205 4086 1392 4216">
    <p class='ocr_par' dir='ltr' id='par_1_8' title="bbox 205 4086 1392 4216">
     <span class='ocr_line' id='line_1_35' title="bbox 205 4086 1392 4216; baseline 0.007 -79"><span class='ocrx_word' id='word_1_328' title='bbox 205 4092 228 4140; x_wconf 94' lang='lat'><strong>1.</strong></span> <span class='ocrx_word' id='word_1_329' title='bbox 248 4086 351 4140; x_wconf 88' lang='lat' dir='ltr'><strong>uostris</strong></span> <span class='ocrx_word' id='word_1_330' title='bbox 370 4105 421 4142; x_wconf 88' lang='lat' dir='ltr'><strong>om.</strong></span> <span class='ocrx_word' id='word_1_331' title='bbox 442 4087 484 4142; x_wconf 90' lang='lat' dir='ltr'><strong>H¹</strong></span> <span class='ocrx_word' id='word_1_332' title='bbox 508 4091 517 4157; x_wconf 71' lang='lat' dir='ltr'>n</span> <span class='ocrx_word' id='word_1_333' title='bbox 539 4093 563 4142; x_wconf 81' lang='lat'><strong>4.</strong></span> <span class='ocrx_word' id='word_1_334' title='bbox 583 4087 661 4141; x_wconf 82' lang='lat' dir='ltr'><strong>inuni</strong></span> <span class='ocrx_word' id='word_1_335' title='bbox 680 4106 713 4143; x_wconf 80' lang='lat' dir='ltr'><strong>ex</strong></span> <span class='ocrx_word' id='word_1_336' title='bbox 732 4087 815 4142; x_wconf 87' lang='lat' dir='ltr'><strong>inane</strong></span> <span class='ocrx_word' id='word_1_337' title='bbox 834 4090 914 4157; x_wconf 69' lang='lat' dir='ltr'><strong>Mrp</strong></span> <span class='ocrx_word' id='word_1_338' title='bbox 944 4096 984 4143; x_wconf 89' lang='lat'><strong>10.</strong></span> <span class='ocrx_word' id='word_1_339' title='bbox 1004 4089 1158 4145; x_wconf 88' lang='lat' dir='ltr'><strong>dificillimc</strong></span> <span class='ocrx_word' id='word_1_340' title='bbox 1177 4091 1215 4144; x_wconf 87' lang='lat' dir='ltr'><strong>M</strong></span> <span class='ocrx_word' id='word_1_341' title='bbox 1220 4093 1248 4216; x_wconf 55' lang='lat' dir='ltr'><strong>Bp</strong></span> <span class='ocrx_word' id='word_1_342' title='bbox 1276 4097 1316 4146; x_wconf 68' lang='grc'><strong>12,</strong></span> <span class='ocrx_word' id='word_1_343' title='bbox 1335 4107 1392 4145; x_wconf 93' lang='lat' dir='ltr'><strong>non</strong></span> 
     </span>
    </p>
   </div>
   <div class='ocr_carea' id='block_1_5' title="bbox 114 4157 1393 4732">
    <p class='ocr_par' dir='ltr' id='par_1_9' title="bbox 114 4157 1393 4732">
     <span class='ocr_line' id='line_1_36' title="bbox 115 4157 1392 4231; baseline 0.005 -22"><span class='ocrx_word' id='word_1_344' title='bbox 115 4164 177 4210; x_wconf 80' lang='lat' dir='ltr'><strong>onte</strong></span> <span class='ocrx_word' id='word_1_345' title='bbox 196 4157 247 4211; x_wconf 93' lang='lat' dir='ltr'><strong>cal.</strong></span> <span class='ocrx_word' id='word_1_346' title='bbox 267 4175 317 4213; x_wconf 87' lang='lat' dir='ltr'><strong>om.</strong></span> <span class='ocrx_word' id='word_1_347' title='bbox 338 4159 368 4212; x_wconf 92' lang='lat' dir='ltr'><em>D</em></span> <span class='ocrx_word' id='word_1_348' title='bbox 385 4160 394 4229; x_wconf 74' lang='lat' dir='ltr'><strong>ll</strong></span> <span class='ocrx_word' id='word_1_349' title='bbox 416 4166 455 4214; x_wconf 87' lang='lat'><strong>13.</strong></span> <span class='ocrx_word' id='word_1_350' title='bbox 476 4158 564 4213; x_wconf 87' lang='lat' dir='ltr'><strong>studii</strong></span> <span class='ocrx_word' id='word_1_351' title='bbox 583 4159 647 4214; x_wconf 71' lang='grc' dir='ltr'><strong>ΡΗ</strong></span> <span class='ocrx_word' id='word_1_352' title='bbox 661 4162 670 4228; x_wconf 84' lang='grc' dir='ltr'><strong>ΙΙ</strong></span> <span class='ocrx_word' id='word_1_353' title='bbox 690 4164 731 4214; x_wconf 82' lang='grc'><strong>14,</strong></span> <span class='ocrx_word' id='word_1_354' title='bbox 751 4162 817 4213; x_wconf 87' lang='lat' dir='ltr'><strong>ante</strong></span> <span class='ocrx_word' id='word_1_355' title='bbox 837 4161 871 4214; x_wconf 85' lang='lat' dir='ltr'><em>H</em></span> <span class='ocrx_word' id='word_1_356' title='bbox 887 4164 896 4229; x_wconf 91' lang='grc' dir='ltr'><strong>ΙΙ</strong></span> <span class='ocrx_word' id='word_1_357' title='bbox 920 4166 960 4214; x_wconf 85' lang='grc'><strong>17.</strong></span> <span class='ocrx_word' id='word_1_358' title='bbox 981 4160 1139 4230; x_wconf 81' lang='lat' dir='ltr'><strong>aliquoius</strong></span> <span class='ocrx_word' id='word_1_359' title='bbox 1158 4163 1200 4229; x_wconf 90' lang='lat' dir='ltr'><strong>M,</strong></span> <span class='ocrx_word' id='word_1_360' title='bbox 1249 4161 1329 4231; x_wconf 91' lang='lat' dir='ltr'><strong>iquid</strong></span> <span class='ocrx_word' id='word_1_361' title='bbox 1347 4162 1392 4216; x_wconf 91' lang='lat' dir='ltr'><strong>uis</strong></span> 
     </span>
     <span class='ocr_line' id='line_1_37' title="bbox 115 4228 1392 4303; baseline 0.005 -22"><span class='ocrx_word' id='word_1_362' title='bbox 115 4228 206 4282; x_wconf 83' lang='lat' dir='ltr'><strong>FHD</strong></span> <span class='ocrx_word' id='word_1_363' title='bbox 219 4231 229 4293; x_wconf 78' lang='lat' dir='ltr'><strong>l</strong></span> <span class='ocrx_word' id='word_1_364' title='bbox 244 4234 284 4284; x_wconf 87' lang='grc'><strong>18.</strong></span> <span class='ocrx_word' id='word_1_365' title='bbox 304 4229 401 4299; x_wconf 90' lang='lat' dir='ltr'><strong>paullo</strong></span> <span class='ocrx_word' id='word_1_366' title='bbox 420 4247 445 4297; x_wconf 84' lang='grc' dir='ltr'><strong>ς,</strong></span> <span class='ocrx_word' id='word_1_367' title='bbox 465 4232 528 4285; x_wconf 78' lang='lat' dir='ltr'><strong>berre</strong></span> <span class='ocrx_word' id='word_1_368' title='bbox 541 4235 550 4298; x_wconf 89' lang='lat' dir='ltr'><strong>l</strong></span> <span class='ocrx_word' id='word_1_369' title='bbox 563 4247 697 4300; x_wconf 84' lang='lat' dir='ltr'><strong>negaram</strong></span> <span class='ocrx_word' id='word_1_370' title='bbox 716 4246 760 4284; x_wconf 86' lang='lat' dir='ltr'><strong>me</strong></span> <span class='ocrx_word' id='word_1_371' title='bbox 779 4231 809 4284; x_wconf 92' lang='lat' dir='ltr'><em>D</em></span> <span class='ocrx_word' id='word_1_372' title='bbox 822 4233 831 4299; x_wconf 82' lang='grc' dir='ltr'><strong>ΙΙ</strong></span> <span class='ocrx_word' id='word_1_373' title='bbox 852 4231 1031 4285; x_wconf 87' lang='lat' dir='ltr'><strong>uehementer</strong></span> <span class='ocrx_word' id='word_1_374' title='bbox 1050 4232 1140 4287; x_wconf 72' lang='grc' dir='ltr'><strong>ΓΗΒ</strong></span> <span class='ocrx_word' id='word_1_375' title='bbox 1162 4237 1172 4303; x_wconf 74' lang='lat' dir='ltr'>u</span> <span class='ocrx_word' id='word_1_376' title='bbox 1196 4239 1236 4289; x_wconf 80' lang='lat'><strong>19.</strong></span> <span class='ocrx_word' id='word_1_377' title='bbox 1256 4233 1392 4287; x_wconf 88' lang='lat' dir='ltr'><strong>ieiunium</strong></span> 
     </span>
     <span class='ocr_line' id='line_1_38' title="bbox 116 4299 1392 4375; baseline 0.005 -22"><span class='ocrx_word' id='word_1_378' title='bbox 116 4299 178 4353; x_wconf 74' lang='grc' dir='ltr'><strong>ΡΗ</strong></span> <span class='ocrx_word' id='word_1_379' title='bbox 189 4301 254 4368; x_wconf 75' lang='grc'>1120.</span> <span class='ocrx_word' id='word_1_380' title='bbox 275 4300 324 4354; x_wconf 89' lang='lat' dir='ltr'><strong>sed</strong></span> <span class='ocrx_word' id='word_1_381' title='bbox 339 4301 410 4368; x_wconf 88' lang='lat' dir='ltr'><strong>MD,</strong></span> <span class='ocrx_word' id='word_1_382' title='bbox 431 4301 455 4355; x_wconf 91' lang='lat' dir='ltr'><strong>si</strong></span> <span class='ocrx_word' id='word_1_383' title='bbox 470 4301 534 4355; x_wconf 71' lang='grc' dir='ltr'><strong>ΓΗ</strong></span> <span class='ocrx_word' id='word_1_384' title='bbox 543 4304 548 4371; x_wconf 86' lang='grc' dir='ltr'>Ι</span> <span class='ocrx_word' id='word_1_385' title='bbox 567 4307 608 4356; x_wconf 76' lang='lat'>⁶21.</span> <span class='ocrx_word' id='word_1_386' title='bbox 628 4300 744 4371; x_wconf 87' lang='lat' dir='ltr'><strong>paribus</strong></span> <span class='ocrx_word' id='word_1_387' title='bbox 758 4301 934 4372; x_wconf 71' lang='lat' dir='ltr'><strong>expertibus</strong></span> <span class='ocrx_word' id='word_1_388' title='bbox 948 4304 1006 4369; x_wconf 78' lang='lat' dir='ltr'><strong>M0,</strong></span> <span class='ocrx_word' id='word_1_389' title='bbox 1025 4310 1056 4358; x_wconf 79' lang='lat' dir='ltr'><strong>ut</strong></span> <span class='ocrx_word' id='word_1_390' title='bbox 1069 4305 1125 4359; x_wconf 80' lang='lat' dir='ltr'><strong>vid.</strong></span> <span class='ocrx_word' id='word_1_391' title='bbox 1140 4305 1268 4373; x_wconf 86' lang='lat' dir='ltr'><strong>partibus</strong></span> <span class='ocrx_word' id='word_1_392' title='bbox 1283 4305 1392 4375; x_wconf 72' lang='lat' dir='ltr'><em>FIIDp</em></span> 
     </span>
     <span class='ocr_line' id='line_1_39' title="bbox 115 4370 1391 4447; baseline 0.008 -26"><span class='ocrx_word' id='word_1_393' title='bbox 115 4370 272 4425; x_wconf 85' lang='lat' dir='ltr'><strong>consecutis</strong></span> <span class='ocrx_word' id='word_1_394' title='bbox 289 4371 320 4424; x_wconf 91' lang='lat' dir='ltr'><strong>in</strong></span> <span class='ocrx_word' id='word_1_395' title='bbox 338 4372 501 4441; x_wconf 85' lang='lat' dir='ltr'><strong>tequidem</strong></span> <span class='ocrx_word' id='word_1_396' title='bbox 551 4373 611 4426; x_wconf 87' lang='lat' dir='ltr'><strong>HD</strong></span> <span class='ocrx_word' id='word_1_397' title='bbox 625 4376 633 4438; x_wconf 90' lang='grc' dir='ltr'><strong>ΙΙ</strong></span> <span class='ocrx_word' id='word_1_398' title='bbox 648 4378 690 4427; x_wconf 75' lang='lat'><strong>23.</strong></span> <span class='ocrx_word' id='word_1_399' title='bbox 709 4371 836 4427; x_wconf 88' lang='lat' dir='ltr'><strong>solebam</strong></span> <span class='ocrx_word' id='word_1_400' title='bbox 855 4374 916 4428; x_wconf 85' lang='lat' dir='ltr'><strong>HD</strong></span> <span class='ocrx_word' id='word_1_401' title='bbox 929 4379 938 4442; x_wconf 74' lang='grc' dir='ltr'><strong>[Ι</strong></span> <span class='ocrx_word' id='word_1_402' title='bbox 951 4391 1041 4428; x_wconf 88' lang='lat' dir='ltr'><strong>mores</strong></span> <span class='ocrx_word' id='word_1_403' title='bbox 1061 4376 1111 4430; x_wconf 81' lang='lat' dir='ltr'><strong>del.</strong></span> <span class='ocrx_word' id='word_1_404' title='bbox 1130 4376 1247 4447; x_wconf 77' lang='lat' dir='ltr'><strong>Madoip</strong></span> <span class='ocrx_word' id='word_1_405' title='bbox 1268 4378 1317 4444; x_wconf 85' lang='lat' dir='ltr'><strong>(ad</strong></span> <span class='ocrx_word' id='word_1_406' title='bbox 1338 4377 1391 4432; x_wconf 82' lang='lat' dir='ltr'><strong>Gis.</strong></span> 
     </span>
     <span class='ocr_line' id='line_1_40' title="bbox 114 4442 1392 4517; baseline 0.006 -23"><span class='ocrx_word' id='word_1_407' title='bbox 114 4443 146 4495; x_wconf 84' lang='lat' dir='ltr'><strong>dc</strong></span> <span class='ocrx_word' id='word_1_408' title='bbox 159 4443 206 4509; x_wconf 77' lang='lat' dir='ltr'><strong>fin.</strong></span> <span class='ocrx_word' id='word_1_409' title='bbox 219 4461 247 4511; x_wconf 86' lang='lat' dir='ltr'><strong>p.</strong></span> <span class='ocrx_word' id='word_1_410' title='bbox 264 4442 344 4512; x_wconf 74' lang='lat'>563³)</span> <span class='ocrx_word' id='word_1_411' title='bbox 358 4447 368 4512; x_wconf 76' lang='grc' dir='ltr'><strong>ΙΙ</strong></span> <span class='ocrx_word' id='word_1_412' title='bbox 381 4450 424 4498; x_wconf 82' lang='lat'><strong>23.</strong></span> <span class='ocrx_word' id='word_1_413' title='bbox 444 4450 485 4498; x_wconf 76' lang='lat'><strong>24.</strong></span> <span class='ocrx_word' id='word_1_414' title='bbox 505 4442 638 4497; x_wconf 88' lang='lat' dir='ltr'><strong>instituta</strong></span> <span class='ocrx_word' id='word_1_415' title='bbox 657 4445 742 4517; x_wconf 86' lang='lat' dir='ltr'><strong>atque</strong></span> <span class='ocrx_word' id='word_1_416' title='bbox 759 4443 860 4516; x_wconf 85' lang='lat' dir='ltr'><strong>vitam]</strong></span> <span class='ocrx_word' id='word_1_417' title='bbox 878 4445 1019 4512; x_wconf 86' lang='lat' dir='ltr'><strong>instituta,</strong></span> <span class='ocrx_word' id='word_1_418' title='bbox 1038 4445 1127 4500; x_wconf 79' lang='lat' dir='ltr'><strong>vitum</strong></span> <span class='ocrx_word' id='word_1_419' title='bbox 1140 4454 1190 4502; x_wconf 80' lang='lat' dir='ltr'><strong>aut</strong></span> <span class='ocrx_word' id='word_1_420' title='bbox 1203 4447 1392 4516; x_wconf 87' lang='lat' dir='ltr'><strong>institutaque</strong></span> 
     </span>
     <span class='ocr_line' id='line_1_41' title="bbox 115 4511 1392 4587; baseline 0.006 -22"><span class='ocrx_word' id='word_1_421' title='bbox 115 4514 144 4565; x_wconf 88' lang='lat' dir='ltr'><strong>et</strong></span> <span class='ocrx_word' id='word_1_422' title='bbox 161 4511 250 4566; x_wconf 85' lang='lat' dir='ltr'><strong>vitam</strong></span> <span class='ocrx_word' id='word_1_423' title='bbox 270 4513 436 4570; x_wconf 74' lang='lat' dir='ltr'><strong>Wesenber.</strong></span> <span class='ocrx_word' id='word_1_424' title='bbox 470 4514 686 4584; x_wconf 82' lang='lat' dir='ltr'><strong>institutumque</strong></span> <span class='ocrx_word' id='word_1_425' title='bbox 709 4515 798 4569; x_wconf 86' lang='lat' dir='ltr'><strong>vitam</strong></span> <span class='ocrx_word' id='word_1_426' title='bbox 817 4516 960 4571; x_wconf 57' lang='lat' dir='ltr'><strong>&amp;boscno</strong></span> <span class='ocrx_word' id='word_1_427' title='bbox 977 4518 1018 4587; x_wconf 85' lang='lat' dir='ltr'><strong>(p.</strong></span> <span class='ocrx_word' id='word_1_428' title='bbox 1035 4520 1079 4585; x_wconf 80' lang='lat'><strong>71)</strong></span> <span class='ocrx_word' id='word_1_429' title='bbox 1102 4523 1112 4587; x_wconf 77' lang='grc' dir='ltr'><strong>ΙΙ</strong></span> <span class='ocrx_word' id='word_1_430' title='bbox 1134 4524 1176 4573; x_wconf 79' lang='lat'><strong>24.</strong></span> <span class='ocrx_word' id='word_1_431' title='bbox 1195 4525 1238 4574; x_wconf 72' lang='lat'><strong>25.</strong></span> <span class='ocrx_word' id='word_1_432' title='bbox 1263 4521 1314 4573; x_wconf 89' lang='lat' dir='ltr'><strong>aut</strong></span> <span class='ocrx_word' id='word_1_433' title='bbox 1335 4535 1392 4573; x_wconf 90' lang='lat' dir='ltr'><strong>nou</strong></span> 
     </span>
     <span class='ocr_line' id='line_1_42' title="bbox 114 4582 1393 4658; baseline 0.005 -22"><span class='ocrx_word' id='word_1_434' title='bbox 114 4582 253 4637; x_wconf 85' lang='lat' dir='ltr'><strong>habendis</strong></span> <span class='ocrx_word' id='word_1_435' title='bbox 271 4584 313 4653; x_wconf 89' lang='lat' dir='ltr'><strong>M,</strong></span> <span class='ocrx_word' id='word_1_436' title='bbox 332 4602 382 4640; x_wconf 88' lang='lat' dir='ltr'><strong>om.</strong></span> <span class='ocrx_word' id='word_1_437' title='bbox 431 4586 493 4640; x_wconf 88' lang='lat' dir='ltr'><strong>HD</strong></span> <span class='ocrx_word' id='word_1_438' title='bbox 506 4589 515 4656; x_wconf 79' lang='grc' dir='ltr'><strong>ΙΙ</strong></span> <span class='ocrx_word' id='word_1_439' title='bbox 528 4591 570 4641; x_wconf 81' lang='lat'><strong>26.</strong></span> <span class='ocrx_word' id='word_1_440' title='bbox 591 4585 713 4640; x_wconf 85' lang='lat' dir='ltr'><strong>exercitu</strong></span> <span class='ocrx_word' id='word_1_441' title='bbox 732 4586 865 4641; x_wconf 90' lang='lat' dir='ltr'><strong>inbecillo</strong></span> <span class='ocrx_word' id='word_1_442' title='bbox 884 4589 934 4655; x_wconf 90' lang='lat' dir='ltr'><strong>M,</strong></span> <span class='ocrx_word' id='word_1_443' title='bbox 953 4588 1105 4642; x_wconf 85' lang='lat' dir='ltr'><strong>exercitum</strong></span> <span class='ocrx_word' id='word_1_444' title='bbox 1124 4589 1153 4643; x_wconf 92' lang='lat' dir='ltr'><strong>in</strong></span> <span class='ocrx_word' id='word_1_445' title='bbox 1173 4589 1248 4645; x_wconf 89' lang='lat' dir='ltr'><strong>bello</strong></span> <span class='ocrx_word' id='word_1_446' title='bbox 1267 4595 1294 4657; x_wconf 91' lang='grc' dir='ltr'><strong>(ο</strong></span> <span class='ocrx_word' id='word_1_447' title='bbox 1313 4609 1347 4645; x_wconf 82' lang='lat' dir='ltr'><strong>ex</strong></span> <span class='ocrx_word' id='word_1_448' title='bbox 1366 4608 1393 4658; x_wconf 95' lang='lat' dir='ltr'><strong>u,</strong></span> 
     </span>
     <span class='ocr_line' id='line_1_43' title="bbox 114 4655 1392 4732; baseline 0.005 -23"><span class='ocrx_word' id='word_1_449' title='bbox 114 4661 145 4708; x_wconf 80' lang='lat' dir='ltr'><strong>ct</strong></span> <span class='ocrx_word' id='word_1_450' title='bbox 163 4656 228 4722; x_wconf 75' lang='lat' dir='ltr'><strong>vid,</strong></span> <span class='ocrx_word' id='word_1_451' title='bbox 248 4655 414 4724; x_wconf 70' lang='lat' dir='ltr'><strong><em>11¹)F111&gt;</em></strong></span> <span class='ocrx_word' id='word_1_452' title='bbox 436 4660 445 4726; x_wconf 80' lang='grc' dir='ltr'><strong>ΙΙ</strong></span> <span class='ocrx_word' id='word_1_453' title='bbox 468 4662 510 4712; x_wconf 78' lang='lat'><strong>26.</strong></span> <span class='ocrx_word' id='word_1_454' title='bbox 530 4663 572 4711; x_wconf 78' lang='lat'><strong>27.</strong></span> <span class='ocrx_word' id='word_1_455' title='bbox 591 4656 766 4711; x_wconf 89' lang='lat' dir='ltr'><strong>firmissimus</strong></span> <span class='ocrx_word' id='word_1_456' title='bbox 786 4661 871 4727; x_wconf 79' lang='lat' dir='ltr'><strong>(mus</strong></span> <span class='ocrx_word' id='word_1_457' title='bbox 890 4660 950 4728; x_wconf 54' lang='grc' dir='ltr'><strong>ΜΓ)</strong></span> <span class='ocrx_word' id='word_1_458' title='bbox 972 4677 1000 4713; x_wconf 93' lang='lat' dir='ltr'><strong>m</strong></span> <span class='ocrx_word' id='word_1_459' title='bbox 1019 4659 1171 4730; x_wconf 87' lang='lat' dir='ltr'><strong>presidium</strong></span> <span class='ocrx_word' id='word_1_460' title='bbox 1190 4662 1228 4714; x_wconf 90' lang='lat' dir='ltr'><strong>M</strong></span> <span class='ocrx_word' id='word_1_461' title='bbox 1245 4665 1255 4731; x_wconf 76' lang='grc' dir='ltr'><strong>ΙΙ</strong></span> <span class='ocrx_word' id='word_1_462' title='bbox 1278 4668 1319 4717; x_wconf 78' lang='lat'><strong>27.</strong></span> <span class='ocrx_word' id='word_1_463' title='bbox 1339 4678 1392 4732; x_wconf 87' lang='lat' dir='ltr'><strong>ago</strong></span> 
     </span>
    </p>
   </div>
   <div class='ocr_carea' id='block_1_6' title="bbox 115 4747 1386 4903">
    <p class='ocr_par' dir='ltr' id='par_1_10' title="bbox 115 4747 1386 4903">
     <span class='ocr_line' id='line_1_44' title="bbox 115 4747 1386 4838; baseline 0.009 -24"><span class='ocrx_word' id='word_1_464' title='bbox 115 4760 190 4827; x_wconf 88' lang='lat' dir='ltr'><strong>MD,</strong></span> <span class='ocrx_word' id='word_1_465' title='bbox 219 4778 285 4831; x_wconf 87' lang='lat' dir='ltr'><strong>argo</strong></span> <span class='ocrx_word' id='word_1_466' title='bbox 305 4747 335 4832; x_wconf 65' lang='grc' dir='ltr'><strong>(ἓ</strong></span> <span class='ocrx_word' id='word_1_467' title='bbox 354 4765 398 4831; x_wconf 70' lang='lat'><strong>11)</strong></span> <span class='ocrx_word' id='word_1_468' title='bbox 420 4763 483 4817; x_wconf 68' lang='grc' dir='ltr'><strong>ΡΗ</strong></span> <span class='ocrx_word' id='word_1_469' title='bbox 510 4765 520 4831; x_wconf 89' lang='grc' dir='ltr'><strong>ΙΙ</strong></span> <span class='ocrx_word' id='word_1_470' title='bbox 552 4769 593 4818; x_wconf 77' lang='grc'><strong>28.</strong></span> <span class='ocrx_word' id='word_1_471' title='bbox 618 4779 652 4817; x_wconf 84' lang='lat' dir='ltr'><strong>ea</strong></span> <span class='ocrx_word' id='word_1_472' title='bbox 675 4782 737 4817; x_wconf 89' lang='lat' dir='ltr'><strong>sum</strong></span> <span class='ocrx_word' id='word_1_473' title='bbox 757 4765 802 4831; x_wconf 88' lang='lat' dir='ltr'><strong>M,</strong></span> <span class='ocrx_word' id='word_1_474' title='bbox 831 4781 926 4819; x_wconf 85' lang='lat' dir='ltr'><strong>eorum</strong></span> <span class='ocrx_word' id='word_1_475' title='bbox 949 4767 1038 4822; x_wconf 82' lang='lat' dir='ltr'><strong>FHD</strong></span> <span class='ocrx_word' id='word_1_476' title='bbox 1060 4771 1069 4836; x_wconf 69' lang='lat' dir='ltr'><strong>l</strong></span> <span class='ocrx_word' id='word_1_477' title='bbox 1091 4767 1252 4838; x_wconf 86' lang='lat' dir='ltr'><strong>legionibus</strong></span> <span class='ocrx_word' id='word_1_478' title='bbox 1270 4786 1320 4825; x_wconf 85' lang='lat' dir='ltr'><strong>om.</strong></span> <span class='ocrx_word' id='word_1_479' title='bbox 1343 4770 1386 4825; x_wconf 82' lang='lat' dir='ltr'><strong>F&#39;</strong></span> 
     </span>
     <span class='ocr_line' id='line_1_45' title="bbox 116 4833 888 4903; baseline 0.009 -18"><span class='ocrx_word' id='word_1_480' title='bbox 116 4836 158 4888; x_wconf 76' lang='lat'><strong>29.</strong></span> <span class='ocrx_word' id='word_1_481' title='bbox 178 4848 213 4886; x_wconf 85' lang='lat' dir='ltr'><strong>ex</strong></span> <span class='ocrx_word' id='word_1_482' title='bbox 231 4833 288 4901; x_wconf 65' lang='grc' dir='ltr'><strong>Μ’,</strong></span> <span class='ocrx_word' id='word_1_483' title='bbox 307 4852 356 4890; x_wconf 86' lang='lat' dir='ltr'><strong>om.</strong></span> <span class='ocrx_word' id='word_1_484' title='bbox 379 4834 439 4889; x_wconf 70' lang='grc' dir='ltr'><strong>ΨΡ</strong></span> <span class='ocrx_word' id='word_1_485' title='bbox 451 4837 460 4903; x_wconf 70' lang='lat' dir='ltr'><strong>l!</strong></span> <span class='ocrx_word' id='word_1_486' title='bbox 474 4833 677 4889; x_wconf 84' lang='lat' dir='ltr'><strong>infidelissimis</strong></span> <span class='ocrx_word' id='word_1_487' title='bbox 695 4853 729 4892; x_wconf 76' lang='lat' dir='ltr'><strong>ea</strong></span> <span class='ocrx_word' id='word_1_488' title='bbox 746 4853 820 4890; x_wconf 91' lang='lat' dir='ltr'><strong>-mos</strong></span> <span class='ocrx_word' id='word_1_489' title='bbox 839 4837 888 4892; x_wconf 82' lang='lat' dir='ltr'><strong>Mr</strong></span> 
     </span>
    </p>
   </div>
   <div class='ocr_carea' id='block_1_7' title="bbox 0 0 1654 5460">
    <p class='ocr_par' dir='ltr' id='par_1_11' title="bbox 0 0 1654 5460">
     <span class='ocr_line' id='line_1_46' title="bbox 0 0 1654 5460; baseline 0 0"><span class='ocrx_word' id='word_1_490' title='bbox 0 0 1654 5460; x_wconf 95' lang='lat' dir='ltr'><strong> </strong></span> 
     </span>
    </p>
   </div>
  </div>
 </body>
</html>
