3314 5460
173 369 216 434 28
306 313 311 319 ‘
629 370 665 426 M.
685 364 791 425 TVLLI
809 361 999 420 CICERONIS

173 535 378 619 respondeas,
400 534 522 619 partim
545 534 831 616 contumeliosum,
854 529 940 615 quod
963 529 1048 593 male
1072 529 1282 616 respondeas3
1307 533 1366 598 sed
1389 534 1452 599 iam

173 639 269 724 cupio
289 645 396 705 tecum
416 664 525 706 coram
549 643 660 726 iocari,
683 663 782 725 quare
801 640 861 723 fac,
884 642 922 703 ut
941 659 1038 722 quam
1057 636 1199 720 primum
1219 639 1329 705 venias
1348 663 1451 725 neque

172 747 206 810 in
234 746 389 831 Apuliam
416 753 507 813 tuam
539 750 686 834 accedas,
717 752 755 812 ut
784 747 948 832 possimus
981 744 1107 809 salvum
1137 745 1263 811 venisse
1296 746 1450 832 gaudem

172 875 257 937 nam,
281 854 338 918 illo
363 854 391 919 si
414 854 539 921 veneris
563 857 661 939 †tam
685 855 797 920 Ulixes
820 874 997 941 cognosces
1021 856 1152 916 tuorum
1175 853 1350 918 neminem.

703 1073 915 1084 ..------

777 1226 837 1309 Π.

736 1452 761 1516 1.
798 1448 881 1539 (61.)

527 1594 570 1660 n.
594 1592 754 1660 cranao
779 1592 811 1658 s
834 1593 873 1658 u.
898 1591 1093 1658 numeru.

137 1752 150 1798 1
260 1737 463 1820 Quamquam
487 1760 538 1802 me
561 1738 691 1802 nomine
710 1737 935 1823 neglegentiae
960 1739 1146 1820 suspectum
1170 1735 1232 1799 tibi
1255 1757 1326 1799 osse
1347 1736 1450 1821 doleo,

170 1846 279 1906 tamen
301 1865 368 1907 non
391 1849 460 1908 tam
479 1845 560 1909 mihi
580 1846 753 1909 molestum
776 1844 841 1909 fuit
860 1843 1005 1908 accusari
1028 1844 1087 1907 abs
1110 1846 1143 1906 te
1167 1842 1311 1908 officium
1331 1866 1450 1927 meum,

170 1971 267 2032 quam
291 1951 466 2015 iucundum
489 1952 620 2035 requiri,
642 1951 834 2035 praesertim
859 1972 971 2035 quom,
994 1950 1029 2014 in
1052 1971 1116 2034 quo
1140 1950 1330 2034 accusabar,
1355 1950 1451 2035 culpa

170 2079 327 2140 vacarem,
349 2058 384 2122 in
407 2080 471 2142 quo
491 2062 600 2123 autem
624 2059 804 2123 desiderare
823 2062 856 2123 tc
876 2057 1084 2143 algnilicabas
1103 2078 1191 2121 meas
1210 2056 1348 2141 litteras,
1373 2080 1450 2142 prae
1464 2085 1487 2124 ιο

170 2167 202 2227 te
226 2163 327 2228 ferres
349 2170 555 2249 perspectum
585 2165 665 2230 mihi
695 2166 839 2249 quidem,
870 2165 926 2229 sed
954 2168 1065 2229 tamen
1090 2163 1215 2229 dulcem
1240 2167 1273 2227 et
1296 2167 1449 2248 optatum

196 2292 382 2299 ----—.——-

258 2365 283 2413 3.
302 2357 425 2427 gaudere
444 2376 478 2412 en
496 2358 587 2429 gande
607 2360 657 2412 Μο
675 2361 684 2427 11
702 2364 727 2413 4.
746 2359 806 2411 tam
825 2359 862 2412 M
877 2361 1024 2427 (tanquam
1042 2358 1117 2426 Mr),
1139 2358 1170 2410 tn
1189 2358 1222 2409 nt
1239 2357 1290 2425 Ru
1308 2355 1411 2425 ulixes,
1429 2357 1451 2411 li

168 2446 227 2500 sap.
246 2447 283 2486 ve.
303 2448 321 2484 a
339 2448 373 2484 m.
395 2438 422 2498 1,
442 2430 470 2484 R
492 2432 501 2498 11
525 2446 691 2500 cognoscere
710 2431 781 2498 (cam
802 2429 915 2495 Orcllr'o)
940 2430 1052 2482 tuorum
1074 2426 1180 2482 nemini
1204 2428 1298 2509 Mlotn.
1311 2430 1400 2508 'mitre'
1418 2429 1455 2511 M

168 2503 337 2626 tltMt
351 2501 813 2627 ἜῗἪΜΜΜΜᾟΜ
830 2501 1114 2640 {Mlltttttt
1130 2514 1207 2622 {tt
1225 2497 1326 2625 ¹l¹ls⁸¹⁸
1337 2516 1450 2640 TE:

168 2641 218 2695 iIIo
237 2642 261 2697 si
279 2590 562 2712 veniris,⁸l¹amquam
576 2642 672 2697 Ulixes
691 2660 714 2697 c.
729 2644 749 2697 t.
765 2661 790 2696 n.
805 2614 901 2712 ’votnm
915 2643 924 2709 11
938 2643 1131 2696 snbsanitnr:
1149 2640 1179 2693 Μ
1230 2639 1264 2695 CI
1283 2641 1307 2709 (I
1326 2589 1451 2697 iudendo

168 2731 201 2767 cc
221 2713 276 2779 VS)
300 2714 405 2768 TVLLI
430 2716 453 2779 (I
477 2717 599 2770 radendo
622 2732 655 2768 ea
677 2713 733 2780 VS)
757 2711 946 2768 CICERONIS
971 2710 1227 2767 EPISTOLARVM
1247 2710 1297 2765 AD
1315 2711 1450 2768 PVBLIO

167 2783 368 2838 LENTVLVM
399 2785 565 2839 EXPLICIT
597 2783 731 2839 INCIPIT
763 2783 924 2838 EIVSDEM
950 2783 1000 2837 AD
1029 2781 1224 2837 CONSVLEM
1256 2780 1451 2838 CVRIONEM

168 2872 279 2927 FELIC.
307 2875 349 2938 Ill,
372 2872 409 2927 M.
430 2876 449 2928 t.
469 2891 491 2927 c.
511 2873 693 2943 epistolarum
713 2873 749 2926 ad
767 2890 794 2942 p.
814 2871 952 2925 lentulum
969 2870 1043 2925 liber
1064 2869 1171 2941 primus
1195 2869 1319 2940 explicit.
1346 2870 1452 2942 incipit

168 2943 294 2998 eiusdem
317 2942 353 2996 ad
377 2943 518 2998 curionem
541 2943 661 2998 feliciter
686 2943 824 2996 secundus
842 2943 870 2996 R
893 2945 902 3010 11
924 2944 1010 2997 Libro
1032 2944 1149 2997 secando
1171 2944 1203 2996 a'n
1222 2941 1283 2996 MR
1301 2944 1347 2996 tic
1406 2962 1450 2999 ac-

168 3017 266 3069 rniscna
284 3021 322 3068 est
340 3016 424 3069 index
444 3017 528 3079 (leues
547 3016 680 3083 quaedam
698 3015 725 3066 R
744 3016 945 3081 discrepantiae
967 3015 1080 3068 omissae
1098 3018 1187 3077 aurun
1216 3020 1239 3067 1.
1258 3012 1296 3067 Μ,
1316 3012 1375 3068 CIC
1427 3015 1449 3069 0

169 3084 339 3140 SALVTEM
357 3084 454 3138 DICIT
473 3084 623 3140 CVRIONI
642 3083 853 3149 QVAMQVAM
868 3084 921 3137 ME
935 3083 1080 3138 NOMINE
1097 3082 1453 3153 (Curionilmoleatnmltll

168 3163 193 3211 2.
207 3155 355 3210 MARCVS
375 3155 502 3210 CICERO
522 3155 548 3211 S.
565 3156 596 3210 D.
612 3155 761 3210 CVRIONI
771 3154 893 3209 'GRAVI
912 3154 1026 3209 TESTE
1044 3154 1225 3209 PRIVATVS
1239 3159 1248 3223 11
1262 3162 1286 3210 3.
1300 3155 1452 3211 MARCVS

168 3228 228 3295 (orn.
249 3227 287 3294 R)
307 3225 435 3281 CICERO
455 3226 482 3282 S.
498 3227 529 3282 D.
550 3226 699 3281 CVRIONI
718 3225 839 3280 RVPAE
859 3230 932 3294 (rure
947 3225 988 3280 12¹
1007 3229 1039 3279 in
1057 3243 1112 3280 raa.
1134 3244 1168 3280 ec
1185 3243 1218 3279 ru
1239 3232 1265 3291 e)
1285 3225 1452 3282 STVDIVM

168 3297 246 3351 NON
273 3297 407 3351 DEFVIT
429 3301 438 3366 11
461 3304 485 3352 4.
515 3296 643 3352 CICERO
677 3297 846 3351 SALVTEM
879 3296 974 3350 DICIT
1004 3295 1153 3350 CVRIONI
1171 3303 1174 3361 1
1190 3244 1452 3352 nilsTOLARvn

169 3368 317 3422 GENERA
331 3372 340 3436 11
355 3374 378 3423 5.
398 3368 527 3423 CICERO
547 3368 716 3424 SALVTEM
734 3367 831 3423 DICIT
850 3366 1007 3422 CVRIONI.
1023 3366 1051 3421 C.
1067 3369 1149 3433 (tanc
1163 3370 1215 3423 litt.
1230 3385 1280 3422 om.
1291 3368 1452 3434 R)IHAEC

168 3439 329 3494 NEGOTIA
349 3438 528 3504 QVOMODO
547 3443 557 3508 11
576 3445 599 3495 6.
620 3440 656 3496 M.
676 3442 736 3509 (ona
758 3441 796 3507 R)
815 3437 943 3492 CICERO
964 3438 989 3492 S.
1009 3438 1041 3493 D.
1062 3438 1090 3493 C.
1110 3437 1452 3501 CVRIONIINONDVM

167 3510 264 3564 ERAT
283 3510 451 3564 AVDITVM
464 3515 474 3579 11
489 3517 512 3566 7.
532 3530 582 3565 orn.
598 3512 659 3566 MR
677 3515 686 3581 11
705 3517 730 3566 8.
749 3509 895 3564 MARCVS
914 3512 975 3576 (om.
990 3509 1028 3578 R)
1047 3508 1175 3563 CICERO
1200 3508 1347 3564 PROCOS.
1369 3511 1398 3566 S.
1419 3513 1452 3567 D.

167 3582 204 3636 M.
229 3581 356 3636 CELLIO
381 3585 413 3650 (a.
434 3581 460 3637 d.
484 3581 628 3636 marcellio
646 3583 685 3651 R)
715 3581 802 3646 QVID
830 3580 878 3633 TV
906 3579 958 3632 ME
988 3583 1060 3648 (mec
1085 3581 1124 3648 R)
1152 3579 1225 3634 HOC
1253 3580 1325 3634 ΤΙΒΙ
1354 3581 1453 3636 MAN-

167 3652 280 3707 DASSE
294 3656 303 3721 11
318 3660 341 3707 D.
356 3652 393 3707 M.
409 3656 470 3722 (om.
485 3653 524 3720 R)
543 3652 671 3708 CICERO
691 3655 717 3708 S.
733 3653 764 3708 D.
785 3650 931 3705 PROCOS.
946 3649 1153 3704 MARCELLIO
1174 3650 1295 3705 AEDILI
1315 3651 1452 3707 CVRVLI

167 3723 374 3778 DESIGNATO
398 3726 407 3794 11
432 3731 472 3779 10.
496 3724 533 3777 M.
562 3727 621 3793 (om.
646 3724 686 3793 R)
714 3722 843 3777 CICERO
866 3720 939 3775 IMP.
964 3720 1134 3775 SALVTEM
1160 3722 1193 3777 D.
1222 3721 1450 3794 MARCELLIOI

166 3793 289 3847 AEDILI
308 3793 387 3861 (edili
406 3794 550 3849 marcellio
569 3796 608 3862 R)
628 3795 760 3849 CVRVLI
784 3791 991 3847 DESIGNATO
1006 3794 1015 3859 11
1035 3799 1076 3847 11.
1095 3792 1132 3847 M.
1153 3796 1214 3859 (om.
1233 3800 1391 3848 constanter
1410 3796 1453 3921 13

167 3864 296 3918 CICERO
315 3865 388 3919 IMP.
404 3866 430 3920 S.
445 3866 478 3921 D.
493 3865 701 3920 MARCELLIO
720 3864 840 3919 AEDILI
861 3862 993 3917 CVRVLI
1012 3862 1177 3917 PVTARES
1192 3866 1201 3932 l
1216 3870 1257 3917 12.
1268 3862 1305 3918 M.
1317 3863 1427 3919 CICER

167 3935 238 3989 IMP.
264 3935 290 3990 S.
315 3936 346 3989 D.
376 3936 582 3990 MARCELLIO
612 3937 733 3990 AEDILI
762 3934 894 3989 CVRVLI
923 3932 1129 3987 SOLLICITVS
1152 3936 1161 4000 11
1185 3940 1226 3988 13.
1250 3934 1287 3988 M.
1317 3933 1451 3992 CICERO

168 4006 238 4060 IMP.
255 4006 280 4060 S.
293 4007 323 4059 D.
344 4004 551 4060 MARCELLIO
562 4007 684 4061 AEDILI
704 4005 835 4061 CVRVLI
855 4004 974 4057 RARAS
994 4008 1069 4070 (aras
1079 4005 1118 4072 R)
1133 4003 1227 4058 TVAS
1240 4007 1250 4072 11
1265 4010 1306 4058 14,
1317 4004 1452 4061 CICERO

168 4077 239 4131 IMP.
268 4076 437 4131 SALVTEM
467 4078 497 4131 D.
525 4077 733 4132 MARCELLIO
757 4076 879 4130 AEDILI
912 4074 1043 4128 CVRVLI
1071 4075 1108 4129 M.
1137 4074 1245 4129 EARIO
1274 4078 1321 4141 (m.
1344 4075 1364 4130 f.
1392 4078 1452 4147 In]

168 4153 208 4201 15.
233 4149 270 4202 M.
295 4146 423 4201 CICERO
448 4148 520 4202 IMP.
545 4148 571 4202 S.
596 4150 628 4204 D.
652 4145 1001 4218 MARCELLIOAEDILI
1029 4145 1161 4199 CVRVLI
1189 4145 1268 4200 NON
1295 4145 1454 4218 Ponvmlg

168 4252 209 4299 ιθ.
228 4245 265 4298 u.
290 4244 418 4298 cronno
447 4244 519 4299 rue.
543 4245 570 4301 s,
593 4247 625 4301 n.
653 4244 857 4299 nuncnunc
885 4227 985 4305 (nael.
1006 4274 1039 4282 -
1053 4247 1093 4298 uc
1111 4251 1194 4298 aloa
1212 4262 1316 4314 quaque
1331 4275 1363 4284 -
1380 4245 1453 4301 eain

167 4314 257 4368 curuli
276 4315 463 4385 IllMAGNO
483 4316 628 4370 DOLORE
647 4316 700 4370 ME
720 4320 791 4384 (mee
809 4316 848 4381 R)
862 4318 872 4383 11
887 4321 928 4369 17.
947 4316 984 4369 Μ.
1006 4312 1134 4368 CICERO
1154 4314 1226 4368 IMP.
1247 4315 1274 4370 S.
1288 4315 1321 4369 D.
1342 4315 1452 4371 SALV·

168 4384 278 4439 STIVM
303 4387 431 4447 (salustio
451 4386 707 4456 R)'PROQVAES.
737 4390 799 4456 (pro
818 4402 873 4452 quo
892 4386 931 4453 R)
956 4384 1133 4439 LITTERAS
1156 4388 1166 4453 11
1190 4391 1231 4440 18.
1254 4386 1291 4441 M.
1316 4385 1451 4444 CICERO

168 4454 240 4510 IMP.
260 4457 287 4510 S.
306 4457 402 4511 DICIT
414 4492 416 4515 .
430 4457 461 4522 Q.
482 4458 634 4512 THERMO
654 4456 734 4511 PRO.
754 4461 858 4525 (prore
873 4456 912 4523 R)
935 4458 944 4523 11
969 4461 1008 4508 19.
1020 4456 1057 4510 M.
1077 4456 1229 4511 TVLLIVS
1247 4456 1284 4511 M.
1300 4455 1331 4511 E.
1351 4457 1403 4523 (M.
1419 4459 1449 4516 E.

167 4541 218 4579 ora.
237 4526 275 4593 R)
295 4527 423 4583 CICERO
442 4530 515 4584 IMP.
534 4529 571 4584 M.
592 4527 722 4582 CELLIO
746 4524 900 4595 (marcellio
921 4527 1007 4594 Itl'L.
1023 4526 1052 4581 E.
1069 4524 1106 4594 (le
1121 4528 1159 4596 R)
1174 4527 1232 4582 GN.
1252 4527 1329 4582 CAL.
1349 4527 1452 4601 DOQ.1;

168 4600 192 4649 6.
212 4597 415 4665 inscrr'ptionem
433 4618 483 4656 om.
504 4602 532 4655 R
545 4605 554 4670 ΙΙ
569 4600 642 4673 (C.)
662 4597 775 4652 Curioni
790 4614 805 4654 ς
820 4601 829 4666 ll
844 4604 867 4652 7.
888 4595 1064 4665 Quamquam
1076 4630 1108 4637 -
1120 4605 1144 4652 S.
1164 4597 1234 4651 mihi
1253 4600 1284 4652 in
1302 4598 1341 4652 M
1356 4603 1451 4656 rutn-

168 4672 240 4730 cata,
258 4667 289 4718 in
302 4669 330 4721 R
344 4672 443 4725 omicso
456 4675 465 4740 11
480 4677 503 4726 ’1.
519 4672 592 4743 negl.
612 4688 686 4725 nom.
708 4669 849 4722 Wesenber
879 4670 888 4735 11
903 4671 1062 4738 susceptum
1072 4670 1109 4722 M
1128 4672 1137 4738 11
1161 4675 1185 4724 9.
1201 4669 1298 4741 quom]
1313 4687 1402 4738 qnam
1417 4673 1457 4726 M

167 4739 263 4805 (quum
282 4742 307 4789 et
325 4738 400 4804 quod
414 4741 450 4793 M
452 4744 481 4808 ¹),
500 4758 562 4795 cum
573 4744 600 4797 R
614 4745 624 4810 11
639 4747 680 4796 11.
699 4737 770 4792 mihi
788 4738 836 4804 qui
857 4740 913 4809 em]
933 4740 1032 4807 incipit
1045 4741 1228 4808 fragmentum
1243 4740 1452 4812 Frcicrr'annnr,

167 4811 203 4876 ct'.
224 4808 334 4863 Golisct
352 4808 456 4866 I’lrr'lol.
476 4811 572 4867 XXVI
595 4817 670 4865 1867.
686 4830 716 4881 p.
733 4814 782 4863 701
802 4826 838 4878 sq.
859 4809 923 4878 (8111
938 4808 1048 4863 dulcem
1066 4813 1230 4879 exoptatum
1248 4812 1277 4865 R
