3286 5460
196 389 235 452 10
646 388 683 443 M.
702 387 809 443 TVLLI
828 386 1018 443 CICERONIS

192 558 317 631 teneas,
344 552 421 637 quid
444 551 571 617 efficere
595 553 729 638 etquid
753 553 906 636 consequi
930 551 1051 637 possis,
1077 556 1125 636 et,
1153 551 1182 616 si
1204 573 1256 615 res
1279 550 1471 618 facultatem

192 660 346 724 habitura
367 659 529 744 videatur,
556 663 593 723 ut
616 658 854 724 Alexandream
883 663 980 742 atque
1004 658 1192 743 Aegyptum
1221 662 1331 723 tenere
1354 659 1473 744 possis,

192 789 262 831 esse
295 770 329 830 et
360 770 436 830 tuac
468 769 502 830 et
533 766 639 831 nostri
671 765 800 850 imperii
832 765 1004 851 dignitatis
1036 763 1239 830 Ptolomaide
1271 769 1330 829 aut
1361 765 1473 848 aliquo

192 873 375 957 propinquo
403 873 474 938 loco
502 894 578 958 rege
607 872 776 938 conlocato
800 877 833 938 te
862 895 936 938 cum
964 871 1068 937 classe
1099 876 1197 956 atque
1226 872 1372 937 exercitu
1399 895 1474 956 pro·

192 979 293 1045 ficisci
332 979 577 1064 Alexandriam,
615 983 667 1064 ut,
706 1001 777 1044 eam
820 1002 893 1045 cum
929 1000 1009 1064 pace
1049 978 1284 1063 praesidiisque
1320 978 1512 1062 firmarier

192 1086 401 1153 Ptolomaeus
429 1086 540 1150 redeat
568 1087 603 1150 in
632 1108 783 1172 regnum3
812 1087 861 1151 ita
887 1085 971 1167 fore,
1001 1089 1039 1149 ut
1066 1090 1099 1150 et
1126 1107 1184 1170 per
1212 1089 1244 1149 te
1268 1084 1476 1167 restituatur,

193 1193 464 1278 quemadmodum
488 1197 620 1257 senatus
639 1193 735 1258 initio
755 1192 892 1276 censuit,
914 1196 947 1256 et
970 1191 1039 1256 sine
1063 1190 1271 1256 multitudine
1290 1191 1478 1276 reducatur,

162 1301 464 1383 squemadmodum
495 1299 645 1366 homines
682 1300 827 1386 religiosi
861 1298 1006 1384 Sibyllae
1039 1299 1167 1384 plaeere
1204 1297 1364 1362 dixerunt
1420 1300 1478 1364 aed

194 1407 273 1471 haec
292 1393 455 1471 sententia
473 1406 519 1470 sic
543 1411 577 1471 et
599 1407 649 1471 illi
672 1412 706 1471 et
729 1406 823 1472 nobis
842 1405 1052 1490 probabatur,
1075 1409 1113 1469 ut
1131 1427 1170 1469 ex
1189 1408 1307 1469 eventu
1324 1403 1479 1470 homines

194 1513 233 1577 de
257 1518 315 1578 tuo
338 1512 475 1578 consilio
499 1514 744 1578 existimaturos
771 1513 966 1578 videremus:
994 1513 1022 1577 si
1047 1510 1230 1596 cecidisset,
1259 1515 1297 1575 ut
1323 1511 1480 1577 volumus
1495 1536 1519 1574 ro

195 1622 229 1683 et
261 1622 428 1703 optamus,
461 1642 573 1685 omnes
607 1625 640 1685 te
672 1625 706 1685 et
738 1621 902 1706 sapienter
932 1623 965 1684 ct
994 1618 1141 1696 fortiter,
1173 1618 1201 1682 si
1233 1617 1357 1701 aliquid
1389 1623 1482 1683 esset

196 1726 354 1790 offensum
361 1776 368 1807 ,
393 1727 522 1791 eosdem
546 1727 621 1792 illos
644 1732 678 1792 et
700 1728 815 1811 cupide
838 1732 873 1791 et
895 1731 1016 1792 temere
1039 1725 1155 1790 fecisse
1179 1724 1336 1790 dicturos:
1367 1747 1483 1811 quare,

197 1831 273 1915 quid
292 1832 426 1916 adsequi
444 1833 560 1916 possis,
582 1857 648 1899 non
667 1839 735 1898 tam
754 1834 849 1899 facile
868 1839 919 1898 est
937 1832 1033 1898 nobis
1053 1854 1149 1916 quam
1168 1832 1240 1916 tibi,
1263 1830 1354 1896 cuius
1375 1853 1482 1916 prope

195 1938 228 2002 in
253 1942 428 2022 conspectu
452 1939 623 2024 Aegyptus
646 1945 711 2023 est,
739 1941 895 2024 iudicare3
923 1962 982 2005 nos
1006 1938 1135 2024 quidem
1163 1939 1225 2003 hoc
1246 1936 1421 2021 sentimus,
1452 1939 1482 2002 si

196 2044 400 2128 exploratum
419 2046 481 2110 tibi
501 2047 546 2110 sit
563 2070 659 2130 posse
679 2052 711 2112 te
730 2047 819 2112 illius
838 2047 931 2132 regui
949 2046 1060 2131 potiri,
1078 2068 1144 2111 non
1163 2067 1233 2110 esse
1250 2046 1482 2128 cunctandum,
1497 2068 1521 2107 15

198 2151 224 2215 si
249 2151 383 2216 dubium
407 2153 460 2239 sit,
482 2175 548 2217 non
566 2176 636 2219 esse
655 2155 845 2219 conandum.
881 2153 962 2218 illud
985 2153 1046 2217 tibi
1070 2152 1215 2234 adfirmo,
1238 2152 1267 2216 si
1289 2174 1359 2215 rem
1377 2151 1482 2217 istam

196 2279 234 2321 ex
263 2259 427 2323 sententia
453 2260 606 2346 gesseris,
634 2260 716 2345 fore,
743 2265 781 2325 ut
810 2260 927 2326 absens
956 2283 976 2324 a
1003 2260 1130 2344 multis,
1159 2281 1232 2324 cum
1259 2257 1407 2340 redieris,
1437 2259 1482 2323 ab

197 2365 347 2430 omnibus
377 2367 583 2453 conlaudare,
615 2368 826 2433 offensionem
860 2389 930 2432 esse
962 2367 1180 2451 periculosam
1212 2369 1346 2450 propter
1380 2364 1483 2429 inter·

195 2473 338 2556 positam
358 2474 587 2540 auctoritatem
606 2474 862 2560 religionemque
885 2475 995 2558 vide03
1018 2474 1074 2540 sed
1093 2496 1154 2560 ego
1174 2477 1215 2554 te,
1239 2476 1277 2536 ut
1295 2471 1335 2536 ad
1354 2475 1483 2536 certam

197 2580 324 2645 laudem
344 2581 509 2663 adhortor,
533 2581 580 2647 sic
603 2604 623 2646 a
646 2581 852 2646 dimicatione
872 2582 1019 2645 deterreo
1038 2581 1198 2664 redeoque
1218 2578 1257 2642 ad
1276 2577 1366 2661 illud,
1390 2579 1482 2662 quod
1496 2603 1523 2642 ao

198 2686 292 2750 initio
326 2688 453 2772 scripsi,
486 2689 589 2753 totius
617 2688 697 2753 facti
724 2688 773 2753 tui
807 2688 962 2753 iudicium
993 2710 1060 2753 non
1092 2691 1162 2751 tam
1189 2708 1229 2751 ex
1256 2684 1392 2750 consilio
1420 2688 1483 2750 tuo

170 2807 299 2876 squam
327 2815 365 2856 ex
393 2799 511 2859 eventu
542 2795 690 2860 homines
723 2817 792 2860 esse
824 2794 978 2860 facturos.
1028 2793 1115 2879 quod
1146 2793 1174 2857 si
1206 2793 1286 2858 haec
1318 2792 1403 2856 ratio
1431 2792 1483 2856 rei

199 2900 357 2983 gerendae
384 2900 568 2984 periculosa
595 2901 656 2964 tibi
686 2923 755 2966 esse
784 2901 960 2985 videbitur,
987 2901 1138 2985 placebat
1164 2899 1260 2984 illud,
1287 2902 1338 2981 ut,
1365 2898 1394 2961 ai
1421 2919 1483 2962 rex

199 3005 313 3069 amicis
337 3006 417 3088 tuis,
448 3005 504 3089 qui
527 3028 585 3090 per
607 3007 807 3091 provinciam
831 3013 929 3092 atque
952 3009 1125 3092 imperium
1155 3013 1248 3071 tuum
1270 3003 1424 3089 pecunias
1449 3005 1481 3069 ei

200 3112 421 3197 credidissent,
444 3113 540 3178 fidem
560 3135 652 3178 suam
671 3115 901 3199 praestitisset,
924 3119 957 3179 et
981 3114 1110 3179 auxiliis
1134 3136 1208 3178 eum
1231 3111 1297 3176 tuis
1321 3114 1355 3176 et
1372 3109 1479 3194 copiis
1495 3135 1523 3175 ss

199 3219 381 3303 adiuvisses,
404 3241 476 3283 eam
499 3241 570 3284 esse
593 3224 745 3285 naturam
768 3224 801 3284 et
824 3222 991 3307 regionem
1010 3220 1196 3304 provinciae
1220 3223 1304 3301 tuae,
1328 3222 1366 3282 nt
1388 3216 1480 3280 illius

199 3325 338 3389 reditum
366 3325 418 3390 vel
449 3327 630 3392 adiuvando
663 3328 870 3392 confirmares
900 3329 947 3393 vel
980 3327 1182 3413 neglegendo
1215 3325 1397 3410 impedires.
1442 3323 1480 3387 in

199 3432 260 3496 hac
283 3433 409 3498 ratione
437 3433 513 3518 quid
542 3455 607 3518 res,
634 3435 711 3518 quid
735 3457 845 3518 causa,
873 3435 950 3519 quid
978 3439 1107 3519 tempus
1136 3432 1232 3516 ferat,
1259 3436 1296 3496 tu
1323 3430 1481 3497 facillime

199 3539 385 3623 optimeque
417 3540 609 3624 perspicics3
646 3542 724 3624 quid
755 3542 850 3606 nobis
882 3541 1074 3626 placuisset,
1111 3561 1149 3604 ex
1182 3562 1233 3603 me
1268 3536 1479 3622 potissimum

170 3646 312 3729 sputavi
340 3651 372 3710 te
400 3647 482 3711 scire
510 3651 668 3731 oportere.
715 3649 800 3731 quod
833 3647 912 3711 mihi
940 3648 979 3712 de
1007 3650 1121 3711 nostro
1150 3649 1253 3729 statu,
1282 3645 1321 3709 de
1344 3642 1481 3708 Milonis
1496 3669 1523 3709 so

200 3751 437 3836 familiaritate,
465 3752 503 3818 de
531 3753 665 3818 levitate
694 3758 726 3818 et
755 3753 969 3819 inbecillitate
993 3751 1099 3818 Clodii
1127 3750 1318 3838 gratularis,
1345 3748 1482 3814 minime

201 3857 356 3923 miramur
379 3863 412 3923 te
435 3860 501 3924 tuis
525 3864 561 3924 ut
584 3861 751 3946 egregium
780 3861 937 3926 artificem
966 3859 1141 3945 praeclaris
1170 3857 1322 3942 operibus
1349 3855 1482 3921 laetari:

202 3986 398 4048 quamquam
427 3971 478 4029 est
505 3967 704 4031 incredibilis
732 3966 900 4031 hominum
929 3964 1126 4051 perversitas
1150 4002 1192 4011 —
1216 3963 1365 4050 graviore
1393 3962 1481 4027 enim

291 4201 315 4248 2.
336 4193 485 4248 alexandre
505 4195 637 4262 amatque
657 4195 701 4260 M,
722 4194 915 4248 alexandriam
934 4196 1020 4263 atque
1041 4196 1080 4261 G,
1100 4192 1312 4248 alexandrinam
1331 4193 1416 4258 atque
1435 4191 1482 4257 R}

203 4267 336 4335 egyptum
352 4265 387 4318 M
398 4268 445 4331 113.
466 4264 657 4334 ptolomaidae
668 4266 737 4333 ΜΟ,
756 4266 961 4320 tholomaidam
976 4267 1003 4320 R
1017 4268 1026 4333 fl
1040 4265 1114 4319 alico
1129 4265 1166 4318 M
1175 4268 1185 4331 l
1198 4270 1223 4317 5.
1239 4260 1432 4317 alexandriam
1446 4263 1482 4328 St,

204 4353 277 4389 -earn
301 4338 354 4390 alii
367 4340 376 4403 t
390 4335 508 4390 firmatis
534 4335 587 4390 GR
601 4341 610 4402 l
625 4342 649 4390 6.
668 4336 826 4405 ptolomeus
850 4340 876 4389 a
889 4339 898 4404 ΙΙ
914 4342 937 4391 7,
957 4339 1072 4391 senatus
1084 4370 1114 4375 -
1127 4343 1151 4390 8.
1171 4332 1407 4403 quemadmodum
1430 4349 1481 4387 om.

206 4408 259 4461 (aa
272 4410 282 4472 l
296 4414 320 4461 8.
340 4406 440 4476 sybille
460 4408 515 4471 M!
530 4414 553 4462 9.
574 4410 674 4462 euento
690 4409 745 4476 Mn
761 4416 801 4462 11.
822 4410 851 4462 et
869 4409 926 4476 opt.
941 4409 976 4475 R,
995 4411 1028 4461 nt
1046 4410 1103 4478 opt.
1124 4407 1184 4461 ΜΟ
1198 4411 1207 4474 l
1221 4405 1266 4460 sin
1284 4402 1392 4472 aliquid
1411 4404 1464 4456 alii
1473 4404 1483 4469 ,j

207 4484 252 4549 1⁴2..
267 4477 390 4532 dicturos
409 4497 443 4533 cr:
462 4477 597 4532 dicituros
617 4479 661 4532 M¹
676 4482 685 4547 ΙΙ
701 4485 741 4534 13.
761 4478 851 4549 possit
872 4480 909 4545 (ι’,
933 4478 1043 4547 possint
1062 4478 1089 4533 R
1103 4484 1112 4547 tl
1127 4483 1167 4532 14.
1189 4476 1318 4546 aegiptus
1337 4475 1375 4528 Μ
1386 4479 1395 4542 l
1408 4471 1481 4528 iudi-

205 4546 262 4600 eari
281 4550 307 4600 a
320 4552 329 4616 u
344 4554 384 4602 15.
405 4549 577 4603 cuntandum
592 4551 628 4602 Μ
638 4552 647 4617 t
661 4556 703 4604 23.
722 4550 855 4619 placebat
869 4551 911 4615 M,
929 4549 1043 4618 placeat
1058 4551 1083 4605 G
1101 4557 1125 4604 et
1143 4567 1177 4603 es
1195 4546 1320 4619 placebit
1338 4563 1406 4600 corr.
1423 4543 1482 4611 R¹=3

205 4625 247 4672 24.
262 4618 311 4685 qui
326 4638 359 4673 ee
373 4619 435 4688 quis
446 4622 478 4673 Μ
485 4620 490 4654 ¹
506 4626 515 4689 n
528 4638 579 4691 per
593 4622 633 4687 M,
649 4639 732 4690 super
748 4623 801 4675 GR
815 4626 824 4690 ΙΙ
837 4620 1009 4689 prouintiam
1025 4622 1093 4688 Mil,
1112 4619 1259 4689 prouincia
1271 4620 1297 4674 G
1309 4621 1319 4685 l
1333 4614 1482 4685 imperium

204 4691 282 4742 tuum
301 4690 434 4758 pecunias
454 4692 605 4759 Victorias,
628 4691 739 4764 imperii
761 4691 804 4744 tui
821 4690 981 4762 prouincias
1001 4696 1027 4745 a
1040 4696 1049 4760 t
1064 4698 1105 4746 25.
1124 4689 1319 4761 praestetisset
1338 4689 1383 4754 M,
1402 4702 1482 4756 prae·

205 4759 305 4813 fuisset
328 4761 355 4813 R
373 4766 382 4824 fl
400 4768 442 4816 ab,
465 4761 619 4830 regionem]
638 4768 674 4828 cf.
700 4765 727 4816 0.
744 4761 779 4815 F.
799 4763 842 4816 W.
858 4763 962 4817 Malta
985 4760 1482 4832 accic.op.t.11,ap.aaa,asi

204 4830 362 4900 prouintiae
371 4832 407 4885 M
416 4837 425 4900 Ι
439 4838 481 4886 28.
492 4832 835 4900 feratGM⁰,fueratRM¹
848 4837 859 4902 Ι
872 4836 1048 4902 30.oportere
1057 4832 1119 4901 GR,
1130 4836 1226 4903 optare
1235 4834 1269 4887 M
1281 4835 1291 4901 Ι
1306 4828 1487 4885 ³210th
