3314 5460
199 380 265 446 202
652 377 689 432 Μ.
709 373 814 429 TVLLI
833 373 1024 429 CICERONIS

201 544 307 629 magis
331 547 431 624 certe3
461 563 537 605 narn
560 539 734 604 Marcellus
758 539 805 604 sic
829 539 999 623 respondit
1022 539 1065 623 ei,
1089 561 1181 623 spem
1203 538 1237 601 in
1259 535 1335 601 istis
1360 534 1475 620 suppli·

201 650 383 717 sationibus
416 670 480 713 non
508 646 643 729 habere,
678 644 825 729 Paullus,
859 668 893 710 se
925 646 1057 710 omnino
1086 645 1121 709 in
1147 646 1233 710 hunc
1263 667 1385 709 annum
1414 666 1476 708 non

166 776 181 823 e
201 760 391 823 edicturum.
434 754 654 819 renuntiatum
677 753 772 816 nobis
796 757 867 818 erat
886 751 1022 818 Hirrum
1046 752 1169 818 diutius
1187 751 1364 816 dicturum:
1382 772 1481 835 pren·

201 866 307 929 dimus
330 886 417 948 eum3
444 884 510 927 non
538 861 633 925 modo
661 882 728 924 non
751 859 844 945 lecit,
871 862 942 944 sed,
970 883 1043 925 cum
1067 861 1106 924 de
1128 858 1247 923 hostiis
1271 860 1425 943 ageretur
1447 861 1482 921 et

202 974 312 1055 posset
334 991 402 1033 rem
426 967 591 1052 impedire,
615 967 652 1051 si,
675 970 712 1031 ut
735 970 971 1050 numeraretur,
995 966 1185 1050 postularet,
1208 964 1325 1048 tecuit3
1350 968 1483 1028 tantum
1510 988 1523 1026 5

202 1077 319 1142 Catoni
343 1077 499 1140 adsensus
527 1077 591 1156 est,
620 1074 675 1157 qui
703 1073 786 1156 (de)
815 1078 848 1138 te
878 1073 1007 1139 locutus
1034 1072 1212 1138 honorifice
1239 1095 1305 1137 non
1332 1072 1484 1136 decrerat

202 1183 470 1269 supplicationem
501 1181 618 1246 tertius
642 1181 682 1245 ad
705 1181 765 1244 hos
789 1179 953 1245 Favonius
977 1181 1123 1247 accessit
1169 1201 1268 1266 quare
1291 1201 1352 1263 pro
1378 1178 1484 1243 cuius-

203 1315 263 1376 que
291 1294 409 1355 natura
431 1293 465 1353 et
493 1288 645 1352 instituto
676 1287 802 1372 gratiae
830 1291 907 1352 sunt
940 1289 1098 1373 agendae:
1130 1288 1198 1372 his,
1231 1286 1318 1370 quod
1351 1289 1484 1349 tantum

203 1397 405 1461 voluntatem
429 1394 653 1477 ostenderunt,
676 1417 736 1478 pro
760 1393 936 1478 sententia,
967 1417 1041 1459 cum
1063 1395 1220 1480 impedire
1243 1396 1394 1478 possent,
1417 1414 1487 1456 non

204 1507 398 1589 pugnarunt,
422 1501 555 1568 Curioni
575 1524 660 1585 vero,
684 1502 768 1586 quod
792 1502 831 1566 de
855 1524 987 1567 suarum
1006 1502 1171 1567 actionum
1190 1523 1286 1566 cursu
1304 1504 1367 1564 tua
1385 1521 1486 1564 causa
1501 1524 1524 1562 u

204 1610 343 1675 deflerit.
388 1632 464 1674 nam
488 1608 628 1672 Furnius
651 1612 685 1672 et
708 1608 879 1693 Lentulus,
903 1613 941 1673 ut
962 1610 1152 1692 debuerunt,
1175 1607 1269 1692 quasi
1291 1629 1407 1672 eorum
1431 1628 1484 1670 res

204 1721 305 1800 esset,
347 1740 410 1780 una
440 1716 609 1781 nobiscum
647 1715 878 1781 circumierunt
911 1721 945 1781 et
976 1716 1175 1781 laborarunt.
1221 1715 1317 1780 Balbi
1352 1736 1484 1798 quoque

204 1824 334 1888 Corneli
358 1846 490 1907 operam
513 1828 546 1887 et
569 1823 775 1888 sedulitatem
803 1824 935 1888 laudare
963 1845 1109 1907 possum3
1138 1845 1214 1887 nam
1242 1844 1314 1888 cum
1339 1818 1484 1891 Curione

204 1931 412 1996 vehementer
434 1930 563 1995 locutus
586 1935 637 1995 est
660 1935 803 2014 etcum,
828 1931 855 1994 si
879 1930 975 1995 aliter
997 1930 1142 2013 lecisset,
1171 1929 1324 1994 iniuriam
1348 1925 1481 1993 Caesari

206 2038 369 2102 facturum
392 2037 487 2120 dixit,
517 2041 587 2101 tum
611 2039 680 2102 eius
703 2038 800 2102 fidem
823 2039 857 2101 in
882 2037 1100 2122 suspicionem
1123 2036 1264 2101 adduxit.
1310 2035 1482 2100 decrerunt
1495 2063 1526 2103 a:

205 2144 334 2228 quidem
357 2166 460 2227 neque
485 2144 622 2229 transigi
652 2145 805 2209 volebant
829 2144 981 2229 Domitii,
1010 2143 1190 2230 Scipiones,
1218 2143 1338 2228 quibus
1362 2143 1424 2208 hac
1447 2164 1480 2206 re

204 2252 243 2315 ad
277 2250 541 2316 intercessionem
573 2251 769 2316 evocandam
803 2252 1087 2336 interpellantibus
1120 2251 1351 2316 venustissime
1381 2247 1479 2314 Curio

204 2358 372 2442 respondit
395 2380 429 2423 se
453 2381 491 2422 eo
515 2358 670 2423 libentius
698 2381 764 2423 non
791 2360 1004 2442 intercedere,
1032 2360 1116 2443 quod
1146 2359 1319 2443 quosdam,
1347 2357 1403 2441 qni
1430 2356 1479 2420 de

170 2484 185 2530 3
206 2469 388 2549 cernerent,
412 2465 536 2529 videret
560 2466 674 2529 confici
698 2466 792 2530 nolle.
840 2466 925 2549 quod
949 2467 1081 2530 adrem
1105 2465 1270 2549 publicam
1293 2465 1426 2548 attinet,
1446 2462 1479 2527 in

205 2596 303 2638 unam
327 2595 457 2638 eausam
481 2572 587 2636 omnis
611 2573 777 2638 contentio
796 2574 943 2638 conlecta
966 2577 1025 2656 est,
1048 2574 1087 2638 de
1110 2571 1301 2658 provinciis:
1325 2572 1361 2636 in
1384 2592 1511 2656 quam:

205 2680 308 2746 adhuc
333 2679 517 2746 incubuisse
541 2702 613 2744 cum
639 2685 753 2744 senatu
772 2678 947 2764 Pompeius
971 2681 1107 2764 ridetur,
1130 2683 1168 2744 ut
1191 2678 1311 2744 Caesar
1331 2677 1380 2742 Id.
1398 2676 1478 2742 Nor.

205 2787 350 2871 decedat3
374 2787 473 2851 Curio
494 2787 603 2851 omnia
625 2787 735 2871 potius
759 2786 867 2851 subire
887 2786 1059 2852 constituit
1077 2809 1174 2871 quam
1196 2786 1231 2850 id
1253 2785 1334 2871 pati,
1357 2788 1479 2850 ceteras

205 2916 280 2957 suas
304 2894 424 2959 abiecit
447 2894 601 2958 actiones.
647 2893 752 2958 nostri
775 2915 887 2978 porro,
918 2916 1000 2977 quos
1023 2900 1059 2958 tu
1082 2894 1164 2959 bene
1187 2893 1289 2977 nosti,
1313 2892 1355 2956 ad
1377 2895 1479 2955 extre·

206 3023 295 3065 mum
319 3005 482 3064 certamen
507 3023 574 3064 rem
598 3001 753 3066 deducere
775 3024 841 3065 non
865 3001 1012 3065 audeant.
1054 3023 1171 3066 scaena
1193 3000 1241 3064 rei
1265 2998 1370 3064 totius
1388 2997 1481 3063 haec:

205 3106 389 3192 PompeiuS,
411 3112 579 3189 tamquam
601 3107 772 3172 Caesarem
796 3130 861 3172 non
885 3108 1051 3193 inpugnet,
1074 3108 1140 3193 sed,
1163 3107 1249 3191 quod
1271 3106 1323 3170 illi
1347 3127 1482 3170 aecuum

205 3219 313 3299 putet,
346 3214 539 3298 constituat,
572 3215 618 3278 ait
646 3213 819 3279 Curionem
848 3237 1002 3300 quaerere
1030 3215 1222 3300 discordias,
1251 3211 1346 3278 valde
1374 3215 1483 3277 sutem

205 3345 270 3387 non
298 3323 368 3386 vult
391 3325 424 3386 et
447 3321 542 3406 plane
571 3320 665 3385 timet
689 3319 860 3387 Caesarem
888 3324 982 3407 †cos.
1006 3322 1106 3408 desig.
1135 3323 1238 3406 prius,
1268 3342 1369 3405 quam
1398 3341 1484 3384 exer·

206 3428 307 3493 citum
331 3434 364 3493 et
386 3425 587 3512 provinciam
611 3429 794 3515 tradiderit3
823 3429 981 3514 accipitur
1008 3430 1090 3494 satis
1114 3429 1198 3493 male
1222 3450 1241 3491 a
1265 3424 1425 3512 Curione,
1452 3430 1484 3490 et

206 3539 296 3599 totus
330 3536 398 3600 eius
435 3535 594 3599 secundus
633 3537 865 3620 cousul<atus>
898 3537 1091 3622 exagitatur.
1139 3535 1202 3600 hoc
1232 3534 1296 3598 tibi
1330 3531 1421 3599 dico:
1457 3533 1485 3597 si

206 3643 357 3707 omnibus
386 3644 481 3707 rebus
510 3648 658 3726 prement
681 3643 868 3728 Curionem,
896 3642 1016 3709 Caesar
1043 3642 1192 3707 defendet
1218 3639 1486 3719 intercessorem

296 3845 317 3891 1.
343 3836 369 3891 ei
394 3852 470 3905 spem
495 3837 542 3905 M,
568 3852 597 3890 se
622 3854 700 3906 spem
723 3855 754 3904 ς,
779 3837 805 3891 ei
828 3838 901 3910 (se)
925 3855 1003 3907 spem
1027 3839 1180 3892 Lambinus
1205 3839 1215 3902 Ι
1242 3841 1267 3889 9.
1290 3795 1413 3904 paullus,
1437 3834 1449 3889 l
1469 3853 1488 3889 a

206 3925 237 3960 an.
256 3915 280 3976 1,
299 3909 336 3962 M
346 3911 355 3976 ΙΙ
369 3915 393 3962 4.
413 3907 527 3979 hostiis]
546 3907 636 3962 hostis
656 3910 696 3977 M,
716 3909 845 3963 hostibus
864 3927 889 3977 ς,
908 3927 964 3964 non
982 3916 1050 3964 recte
1063 3912 1073 3978 l
1087 3914 1110 3962 5.
1130 3905 1221 3976 possit
1239 3906 1276 3960 M
1285 3909 1295 3974 l
1310 3911 1335 3961 6.
1357 3904 1394 3961 de
1414 3909 1444 3960 te
1461 3923 1487 3974 ς,

207 3981 235 4031 et
254 3980 294 4046 M,
314 3979 368 4033 etsi
388 3980 484 4033 Selntte
506 3982 516 4047 ll
541 3986 580 4032 13.
601 3979 742 4034 curionem
762 3981 798 4034 M
815 3984 824 4048 ΙΙ
846 3987 886 4035 15.
906 3981 979 4051 tum]
999 3997 1062 4034 cum
1081 3981 1118 4034 M
1133 3982 1143 4048 ll
1161 3976 1377 4047 suspicionenJ}‚
1401 3984 1415 4031 l
1435 3978 1489 4033 litt.

206 4068 282 4113 eras,
303 4052 335 4103 M
353 4054 361 4119 ΙΙ
380 4049 526 4104 decrerunt
544 4052 701 4117 lllanntins,
720 4052 851 4106 deserant
870 4054 907 4106 M
922 4055 932 4119 l
955 4057 996 4106 16.
1016 4050 1142 4121 quidem]
1161 4047 1279 4118 qnidam
1298 4049 1463 4119 Waeenberp

205 4136 294 4187 neque
319 4122 461 4175 Lehmann
487 4125 528 4189 (p.
543 4127 588 4191 93)
611 4130 635 4176 et
658 4125 775 4193 Madvig
803 4125 888 4191 (ada.
915 4125 988 4178 crit'
1013 4123 1051 4176 III
1072 4141 1101 4192 p.
1118 4124 1193 4189 161),
1221 4118 1330 4188 quiniq·
1356 4120 1405 4188 Μ,
1434 4119 1482 4189 qui

206 4189 301 4258 inique
324 4194 384 4246 alii.
425 4192 473 4260 qui
491 4192 504 4221 ⁸
524 4192 537 4221 ⁸
556 4192 569 4221 ⁸
587 4210 677 4262 neque
703 4196 860 4265 Wesenberg
887 4198 896 4264 ΙΙ
928 4199 968 4247 16.
997 4194 1051 4248 hac
1078 4209 1107 4247 re
1120 4225 1150 4232 -
1163 4196 1204 4245 17.
1232 4189 1484 4260 interpellantibus

206 4280 276 4315 suna
297 4282 353 4318 non
375 4270 443 4331 puto
467 4271 491 4318 et
514 4281 577 4318 acre
594 4297 624 4303 —
641 4265 658 4320 i.
695 4268 866 4321 scribendam
891 4267 1010 4320 arbitror
1035 4267 1081 4332 (cf.
1105 4282 1170 4318 ann.
1192 4262 1261 4332 pair.
1282 4266 1353 4316 1891
1372 4281 1401 4332 p.
1418 4265 1463 4332 79)

208 4338 248 4386 18,
263 4340 302 4388 19,
323 4335 516 4389 descernerent
534 4337 571 4390 M
581 4339 590 4403 l
604 4343 647 4390 20.
667 4337 794 4391 conlecta
808 4338 853 4405 M,
873 4336 1000 4390 coniecta
1018 4337 1083 4394 P²5
1097 4341 1107 4402 l
1120 4334 1150 4388 in
1168 4333 1265 4403 quam]
1284 4335 1322 4395 es.
1337 4335 1376 4389 ad
1390 4333 1481 4401 Atel,

208 4409 249 4470 19,
264 4409 297 4460 4ι
328 4404 491 4474 ‘Pompeius
515 4424 579 4461 vero
599 4408 636 4461 ad
655 4409 830 4462 voluntatem
848 4408 1029 4476 perferendae
1052 4406 1124 4477 legis
1147 4404 1341 4459 incubuerat’.
1375 4404 1407 4459 in
1430 4421 1482 4473 que

207 4475 259 4528 alii
281 4480 290 4544 ss
313 4484 354 4530 ⁵21.
375 4476 477 4548 adhue]
498 4482 533 4546 cf.
552 4479 624 4546 XVI,
645 4485 686 4547 11,
702 4486 735 4534 2:
761 4482 805 4533 ‘et
824 4482 885 4532 erat
909 4479 1000 4533 adhuc
1020 4482 1092 4547 (:ea
1110 4479 1204 4546 tenus)
1222 4475 1386 4545 impudens,
1411 4474 1481 4544 qui’.

208 4545 299 4600 adhuc
322 4550 366 4600 est
384 4548 424 4601 M.
453 4548 482 4602 in
506 4567 561 4618 qua
585 4550 677 4604 adhuc
700 4568 732 4604 eo
753 4552 868 4621 Madmp
888 4552 905 4605 l.
925 4568 946 4605 c.
970 4550 1000 4604 in
1023 4567 1080 4617 qua
1103 4548 1194 4673 nium
1219 4548 1269 4601 est.
1298 4545 1481 4616 (incubuisse)

208 4616 306 4671 Baiter
328 4621 337 4686 ΙΙ
360 4617 423 4670 idus
443 4621 478 4672 M
498 4625 507 4689 ΙΙ
530 4628 571 4675 23.
592 4621 697 4675 adiecit
717 4623 752 4674 M
770 4626 780 4690 ΙΙ
803 4628 843 4674 94.
865 4621 989 4676 audeant
1021 4621 1138 4687 auden,
1158 4618 1314 4686 audebant,
1339 4617 1485 4674 audebunt

207 4690 442 4769 consenantpns.
462 4691 510 4746 ille
528 4693 642 4747 Ernesti
663 4696 673 4761 ΙΙ
696 4699 738 4748 27.
763 4710 817 4746 cos.
843 4693 929 4761 desig.
954 4622 1000 4748 nd.
1028 4692 1171 4747 consulem
1194 4687 1384 4771 designaris.
1423 4704 1483 4744 cen·

208 4755 330 4810 sulatum
355 4776 425 4813 inire
451 4765 501 4825 (vel
523 4766 594 4830 sins.)
613 4767 715 4818 conieci
733 4783 798 4818 ann.
815 4765 883 4832 phil.
905 4768 972 4817 1886
989 4783 1017 4833 p.
1033 4768 1066 4816 68
1094 4767 1103 4832 ΙΙ
1131 4767 1172 4815 28.
1196 4759 1357 4830 provincias
1377 4760 1484 4815 Wesen-

208 4829 270 4898 berp
284 4830 293 4896 l
307 4835 348 4883 99.
369 4832 465 4884 consul
482 4836 513 4886 M
529 4836 538 4901 [Ι
553 4839 593 4888 30.
615 4834 747 4889 defendet
764 4835 989 4903 intercessorem
1010 4835 1064 4892 sis
1083 4841 1108 4889 et
1127 4833 1300 4903 Wesenberg,
1318 4830 1486 4886 defendetur
