3314 5460
639 374 896 429 uersrvmuvu
915 374 972 429 rm.
995 381 1035 429 15.
1172 356 1176 365 '
1411 375 1473 438 321

196 560 279 621 quos
303 537 338 601 in
362 537 540 602 continenti
559 535 691 619 habent,
714 538 781 602 sive
801 537 920 619 furore,
944 537 1011 601 sive
1030 537 1191 621 patientia
1208 560 1396 622 paucorum,
1420 538 1475 620 qui

197 650 232 708 et
258 648 357 709 antea
383 645 454 728 pari
483 643 680 710 contumelia
702 644 791 708 viros
815 644 1014 709 clarissimos
1036 643 1223 709 adfecerant
1247 654 1280 709 et
1303 668 1388 709 nunc
1411 667 1476 710 ma·

197 751 303 816 ximos
327 751 541 837 magistratus
570 755 734 837 gerentes,
761 752 851 815 nullo
875 751 1023 836 exemplo
1051 774 1155 835 neque
1183 757 1297 817 nostra
1321 775 1359 816 ex
1382 756 1476 837 parte
1525 780 1528 786 ·

198 881 301 943 neque
324 863 438 923 nostro
462 859 683 942 praesentium
712 879 816 941 neque
839 856 1023 922 imminenti
1047 856 1161 922 ltaliae
1185 858 1322 942 urbique
1345 862 1476 923 nostrae

175 966 354 1050 epericulo,
377 967 405 1029 si
429 966 485 1030 ille
507 966 670 1050 parricida
694 987 768 1029 cum
792 965 860 1029 suis
883 964 1068 1028 latronibus
1090 964 1228 1029 navibus
1252 987 1290 1028 ex
1314 964 1395 1029 Asia
1420 964 1477 1049 Sy·

199 1073 310 1156 risque
334 1072 488 1156 expulsus
507 1072 640 1137 Italiam
662 1072 808 1156 petisset,
833 1072 964 1155 mederi,
987 1094 1060 1138 cum
1084 1070 1178 1137 facile
1202 1076 1344 1156 possent,
1368 1072 1476 1136 nolue-

200 1185 282 1244 runt
329 1180 495 1244 nonnullis
528 1180 629 1244 etiam
657 1180 721 1263 ipsi
749 1180 964 1263 magistratus
994 1179 1168 1243 veniebant
1195 1179 1229 1242 in
1258 1179 1511 1262 suspicionems

201 1287 375 1352 detinuisse
394 1307 455 1350 nos
474 1289 507 1350 et
525 1286 685 1350 demorati
705 1307 785 1366 esse,
806 1284 882 1349 dum
903 1285 1017 1349 classis
1037 1284 1227 1350 Dolabellae
1247 1286 1366 1349 certior
1384 1286 1477 1349 fieret

202 1395 236 1457 de
259 1395 401 1458 adventu
424 1397 552 1477 nostro,
576 1415 674 1475 quam
698 1391 916 1476 suspicionem
941 1397 1134 1456 consecutae
1159 1414 1211 1456 res
1235 1393 1361 1477 aliquot
1384 1415 1477 1458 auxe-

170 1505 282 1582 urunt,
308 1500 448 1564 maxime
473 1499 560 1583 quod
583 1499 692 1563 subito
716 1521 754 1562 ex
774 1497 875 1582 Lycia
895 1498 968 1562 Sex.
982 1496 1107 1563 Marius
1131 1504 1164 1563 et
1188 1496 1220 1564 O.
1235 1499 1351 1582 Titius,
1374 1499 1476 1586 legati

204 1606 398 1690 Dolabellae,
418 1629 437 1670 a
455 1607 556 1671 classe
575 1607 794 1671 discesserunt
813 1606 951 1688 navique
969 1604 1069 1689 longa
1082 1605 1299 1691 profugerunt
1319 1607 1477 1672 onerariis

203 1715 335 1798 relictis,
367 1713 399 1777 in
433 1714 551 1799 quibus
584 1713 776 1798 colligendis
806 1734 872 1776 non
901 1712 1073 1776 minimum
1103 1713 1260 1797 temporis
1290 1713 1476 1798 laborisque

201 1826 476 1905 consumpserant.
518 1819 638 1904 itaque,
662 1842 735 1884 cum
759 1819 801 1883 ab
825 1819 941 1883 Rhodo
966 1841 1040 1884 cum
1065 1819 1120 1902 eis,
1145 1841 1225 1903 quas
1249 1819 1478 1904 habueramus,

198 1928 336 1992 navibus
360 1929 393 1992 in
417 1926 551 2011 Lyciam
574 1928 787 2009 venissemus,
815 1925 907 1990 navis
932 1926 1095 1990 onerarias
1120 1925 1299 2010 recepimus
1323 1928 1476 1993 dominis·

124 2051 163 2088 15
201 2057 262 2117 que
285 2032 499 2118 restituimus,
522 2034 680 2119 idemque,
704 2035 789 2116 quod
809 2033 948 2098 maxime
968 2033 1167 2116 verebamur,
1189 2057 1229 2098 ne
1248 2040 1360 2117 posset
1379 2036 1476 2099 Dola·

195 2141 283 2204 bella
307 2164 381 2206 cum
405 2141 473 2206 suis
496 2140 680 2205 latronibus
704 2141 738 2204 in
760 2139 892 2203 Italiam
917 2139 1040 2223 venire,
1062 2139 1177 2203 timere
1201 2141 1368 2206 desiimus:
1396 2143 1475 2207 clas-

188 2269 266 2312 sem
293 2248 474 2334 fugientem
500 2248 663 2332 persecuti
692 2269 803 2311 sumus
832 2268 933 2329 usque
959 2243 1081 2328 Sidam,
1111 2268 1192 2329 quae
1216 2252 1362 2312 extrema
1384 2249 1475 2334 regio

186 2359 250 2418 est
271 2355 456 2439 provinciae
478 2377 577 2419 meae.
624 2354 670 2418 ibi
695 2352 834 2439 cognovi
856 2358 983 2437 partem
1014 2353 1145 2416 navium
1169 2353 1360 2419 Dolabellae
1384 2355 1510 2419 ditius

181 2461 299 2544 gisae,
331 2461 473 2544 reliquas
502 2461 632 2546 Syriam
660 2459 868 2544 Cyprumque
896 2461 1030 2543 petisse:
1066 2460 1183 2543 quibus
1212 2461 1369 2545 disiectis,
1402 2484 1475 2526 cum

181 2602 326 2613 κ---...
345 2608 378 2612 ..-

177 2694 256 2744 tum
271 2698 404 2761 prytanea
421 2697 506 2745 eraut
535 2691 729 2760 sipuificantur
747 2696 837 2743 autem
855 2706 902 2743 sca
917 2691 1023 2757 prioris
1041 2691 1111 2743 areni
1129 2692 1221 2759 portis
1244 2697 1386 2760 prytanea,
1415 2693 1433 2745 i.
1453 2709 1474 2745 e.

173 2763 228 2813 ei
244 2765 290 2831 qui
312 2779 446 2816 sumerum
468 2763 659 2831 magistratum
681 2762 746 2815 iude
769 2779 787 2814 a
809 2760 1016 2829 Ilieemophorio
1036 2761 1170 2823 (Octobri)
1192 2779 1280 2816 merrae
1298 2767 1374 2815 as‘li
1392 2779 1475 2831 usque

172 2834 238 2886 <aa
251 2834 428 2887 Artemisium
443 2833 604 2900 (Martium)
623 2848 736 2887 mensem
751 2851 776 2885 α.
792 2836 827 2883 43
840 2839 985 2901 pesuerunt.
1014 2832 1185 2886 Rhodiorum
1199 2835 1271 2887 em'm
1284 2850 1376 2887 aurius
1389 2835 1475 2901 coepit

173 2905 236 2956 <ao
261 2905 431 2974 aequinoctio
459 2905 616 2958 autumnali
644 2906 678 2972 (u.
702 2903 829 2969 Biseboff
853 2903 944 2971 Leipr..
965 2903 1042 2957 Siue.
1072 2903 1130 2957 VII.
1165 2909 1241 2957 1884.
1271 2922 1300 2972 p.
1326 2910 1385 2958 368.
1415 2909 1474 2972 383,

173 2976 236 3027 «1.
250 2976 400 3029 Mommsen
418 2977 449 3029 iu
468 2976 606 3029 Bursiaui
624 2976 772 3029 Iabresber.
793 2979 862 3028 1889
881 2974 920 3026 ΙΙΙ
935 2992 964 3042 p.
980 2979 1031 3026 425
1042 2978 1106 3044 sq),
1130 2975 1257 3029 Trebonii
1276 2984 1365 3030 autem
1384 2977 1476 3030 coedes

176 3040 287 3100 ‘iura
304 3048 386 3114 tinem
404 3049 474 3100 aurii
486 3047 623 3101 verteritis’
644 3047 721 3111 facta
734 3052 793 3099 erut
808 3044 874 3113 (Οἱς.
890 3046 966 3098 Phil.
981 3045 1054 3113 XIII,
1071 3051 1112 3113 10,
1127 3052 1181 3115 22),
1200 3048 1220 3100 i.
1235 3066 1255 3101 e.
1270 3065 1304 3100 m.
1321 3047 1476 3101 Februario

171 3131 228 3169 τι.
241 3122 280 3170 43.
309 3120 407 3172 ririssoe
430 3123 520 3171 cutem
543 3124 621 3170 eraut
647 3118 791 3187 leporiones
813 3117 878 3170 illae
901 3135 919 3168 u
941 3124 1039 3170 seuutu
1057 3117 1241 3184 Rhodiorum,
1268 3119 1349 3188 idque
1368 3125 1477 3187 praeter

164 3184 254 3242 ²fua·
269 3190 437 3259 prytouibus
455 3191 536 3255 euim,
553 3205 609 3242 uon
626 3190 735 3242 reuolui
753 3204 796 3241 res
814 3193 920 3241 exterae
939 3189 1176 3243 admisissemus
1194 3196 1273 3243 eram
1295 3192 1304 3258 ΙΙ
1328 3190 1398 3243 haee
1416 3190 1475 3260 cet]

164 3266 335 3329 tzorrupiu.
363 3261 531 3328 scripserim:
549 3259 595 3311 hic
614 3261 684 3327 (oum
700 3259 802 3313 Orellio
811 3260 828 3325 ¹,
846 3259 887 3312 cel
901 3261 980 3311 ctiam
996 3263 1080 3328 nunc)
1100 3259 1159 3313 sive
1180 3304 1251 3316 ....
1271 3260 1400 3329 potentia
1418 3262 1477 3330 (lice

161 3341 258 3384 eam
278 3331 411 3401 Epicurio)
432 3373 504 3384 ....
523 3334 552 3383 et
570 3346 644 3383 nunc
662 3329 799 3382 maximos
818 3328 1002 3397 magistratus
1026 3334 1128 3400 gerunt
1151 3333 1211 3399 (boc
1233 3350 1294 3385 cum
1313 3333 1475 3402 Mrcdcipio),

158 3401 275 3455 bullo
303 3400 432 3470 exemplo
461 3402 575 3472 [neque]
604 3404 701 3454 nostra
724 3417 757 3454 ex
784 3403 865 3469 parte
892 3417 982 3468 nequa
1105 3402 1253 3456 voluerunt
1275 3404 1333 3471 (boc
1355 3421 1415 3456 eum
1439 3407 1474 3470 ς),

167 3465 198 3483 “’
209 3472 302 3541 pauci,
321 3472 371 3542 qui
390 3515 396 3526 .
414 3517 419 3526 .
436 3516 463 3526 ..
484 3474 513 3525 et
530 3488 603 3525 nunc
623 3471 760 3525 maximos
779 3470 963 3541 magistratus
981 3474 1093 3541 gerunt'
1116 3482 1181 3527 sunt
1199 3476 1263 3529 uoci
1278 3481 1412 3544 prytanea
1429 3490 1476 3527 seu

154 3547 246 3611 Qui
263 3545 327 3599 iude
346 3563 364 3597 a
383 3544 517 3599 Smiutbio
536 3544 656 3613 (Aprili)
675 3561 762 3598 merrae
780 3561 806 3597 o.
821 3547 854 3594 43
875 3560 926 3611 per
948 3551 1069 3598 semestre
1091 3548 1211 3613 spatium
1234 3563 1366 3599 summum
1390 3548 1475 3615 mapi-

147 3619 314 3669 &marum
338 3616 475 3685 peretum.
508 3632 573 3669 casu
597 3621 686 3669 ouum
709 3616 845 3668 occuleret
868 3620 899 3667 ui
922 3631 955 3668 ex
976 3622 1055 3683 parte
1077 3617 1171 3670 saltem
1196 3617 1280 3671 eidem
1307 3623 1364 3669 tum
1392 3623 1477 3670 esseut

263 3689 317 3741 'uss
334 3688 383 3755 qui
401 3704 428 3740 o.
443 3692 477 3739 48
495 3703 598 3740 summo
621 3688 785 3755 mopistrotu
807 3686 897 3752 fruteti
920 3693 998 3739 eruut
1017 3686 1227 3757 Pompeiumque
1244 3689 1352 3741 iniuria
1372 3688 1475 3753 adfece-

144 3760 261 3812 ’ἀπὶ
279 3760 331 3828 (ep.
348 3762 390 3825 14,
405 3760 442 3825 3).
469 3775 493 3812 o.
513 3774 582 3827 quoe
600 3758 632 3812 dr
651 3763 706 3811 toto
724 3759 781 3811 loco
800 3759 912 3837 exposui
931 3775 996 3810 aaa.
1012 3758 1081 3826 phil.
1102 3762 1170 3810 1891
1186 3777 1215 3827 p.
1232 3763 1330 3827 tsosq.
1359 3761 1475 3813 coniece-

146 3831 262 3883 *wne
280 3829 456 3883 Wesenber:
483 3827 529 3880 hio
549 3872 553 3882 .
571 3872 575 3881 .
593 3870 621 3882 ..
646 3827 704 3880 sive
728 3829 945 3897 potent1a....
967 3827 1118 3882 affecerant
1144 3830 1186 3899 [et
1208 3847 1281 3883 nunc
1305 3846 1377 3882 max.
1401 3847 1475 3899 mag.

139 3900 353 3970 RetentesL
379 3917 398 3951 n
441 3915 458 3953 o
481 3899 607 3968 exemplo
631 3915 720 3967 neque
743 3901 841 3953 nostra
864 3915 897 3951 ex
920 3901 1000 3968 parte
1019 3897 1185 3973 (lacessiti)
1207 3902 1257 3968 (cel
1277 3899 1476 3974 <provocati>)

137 3966 288 4040 *neque
305 3972 402 4024 nostro
423 4014 473 4024 ...
493 3970 654 4038 roluemnt3
674 3970 791 4040 Madoip
809 3970 893 4037 l‘udu.
913 3972 984 4024 erit’
1006 3971 1030 4022 II
1046 3991 1074 4039 p.
1091 3974 1166 4039 234):
1187 3989 1219 4025 ac
1240 4016 1244 4025 .
1262 4017 1267 4025 .
1285 4016 1289 4025 .
1310 3971 1369 4026 sive
1388 3972 1476 4042 impo-

240 4042 285 4095 tia
304 4045 376 4111 (eum
396 4044 425 4111 ς)
444 4085 449 4096 .
466 4086 471 4096 ,
488 4085 494 4096 .
511 4085 516 4095 .
536 4058 608 4095 max.
628 4058 701 4110 mag.
717 4043 826 4111 gerunt,
846 4038 924 4093 nullo
939 4042 1067 4111 exemplo
1082 4059 1172 4111 neque
1186 4060 1237 4097 nos
1253 4043 1378 4113 accipere
1393 4047 1476 4112 portu

125 4104 283 4182 'Qeque
306 4114 403 4166 nostro
423 4155 473 4166 ...
493 4112 654 4179 voluerunt;
677 4114 821 4167 Letum-au
840 4114 881 4180 (p.
899 4115 1022 4181 nimi:
1051 4112 1105 4167 hac
1128 4117 1174 4183 (sc.
1198 4118 1303 4183 mente)
1323 4160 1328 4169 .
1346 4160 1350 4168 .
1368 4160 1372 4168 .
1390 4158 1395 4166 .
1416 4114 1476 4169 sive

124 4174 335 4238 batientia
354 4228 360 4239 .
376 4226 405 4239 ..
430 4185 459 4237 et
485 4201 559 4237 nunc
587 4183 724 4237 maximos
753 4182 937 4252 magistratus
966 4189 1095 4253 gerentes
1124 4186 1202 4239 nullo
1231 4187 1358 4255 exemplo
1387 4204 1477 4255 neque

124 4245 290 4309 hesua
299 4257 424 4325 exparte
439 4253 551 4327 <neque
565 4255 689 4325 ipsorum
704 4257 886 4309 contemnunt
895 4256 936 4309 rel
944 4257 1034 4327 sim.>‚
1049 4273 1139 4325 neque
1155 4260 1250 4312 nostro
1262 4303 1266 4312 .
1278 4302 1282 4311 .
1293 4302 1298 4311 .
1310 4259 1459 4311 voluerunt
1500 4292 1503 4297 ·

124 4306 323 4381 tfimorum
343 4327 378 4382 M
400 4330 410 4395 l
432 4326 468 4379 de
491 4326 579 4397 agris,
608 4343 678 4394 quos
701 4326 731 4380 in
754 4324 910 4381 continenti
933 4326 1051 4399 habent]
1079 4331 1113 4396 cf.
1138 4331 1203 4384 buli.
1229 4332 1261 4384 de
1286 4329 1477 4384 cureballi

124 4394 218 4450 1).
233 4403 334 4468 tdtsq.
358 4400 368 4467 l
391 4403 414 4453 7.
438 4397 494 4466 ipsi
517 4397 714 4468 magistratus]
739 4402 832 4466 priore
860 4399 891 4450 iu
918 4401 1062 4454 erruuiioto
1090 4401 1122 4454 de
1149 4408 1246 4455 seuutu
1274 4418 1358 4454 semro
1386 4402 1478 4467 fuerat

132 4454 391 4536 (‘noluerunt',
411 4471 429 4523 i.
444 4487 465 4524 e.
484 4469 657 4524 Rbodiorum
675 4465 845 4540 deriserat),
870 4486 944 4523 uuuc
963 4472 1000 4524 ud
1018 4473 1190 4539 quaerundum
1210 4474 1242 4526 de
1261 4473 1328 4540 ipsis
1347 4474 1476 4542 prytani-

139 4518 243 4593 διε
260 4542 441 4610 suspiriorum
461 4542 568 4594 transit.
596 4541 707 4607 tollitur
726 4542 867 4595 Lebmrmu
887 4557 916 4608 p.
934 4545 984 4592 118
1008 4544 1016 4610 ΙΙ
1040 4542 1332 4596 adamassem
1351 4545 1360 4612 11
1384 4543 1477 4596 demo·

148 4606 250 4664 *nti
269 4612 311 4680 M,
332 4611 492 4665 demoratos
511 4613 555 4678 (erp
575 4613 631 4664 -tus
653 4610 706 4678 H1)
726 4612 794 4666 HI).
824 4611 859 4677 cs.
880 4611 983 4665 Kribler
998 4631 1027 4681 p.
1043 4619 1078 4665 34
1091 4617 1100 4684 ss
1116 4619 1156 4667 13.
1177 4617 1411 4695 consumpserunt
1432 4618 1462 4667 Ψ

153 4677 248 4753 ἓὶε]
267 4681 313 4735 his
332 4683 402 4751 HD,
421 4681 457 4735 iis
476 4700 501 4749 ς,
520 4700 570 4736 om.
590 4684 624 4736 M
650 4685 659 4751 ΙΙ
687 4687 728 4736 14,
748 4699 835 4736 naues
854 4683 879 4735 b.
896 4684 913 4736 l.
933 4685 969 4736 M
993 4686 1003 4752 ll
1032 4689 1071 4738 17.
1093 4702 1188 4739 sumus
1207 4687 1248 4754 M,
1267 4686 1371 4739 fuimus
1391 4686 1452 4740 HD

164 4752 282 4822 ¹laque
301 4754 375 4823 MD,
395 4770 483 4822 usque
502 4753 547 4820 ad,
566 4755 612 4808 sed
632 4753 668 4806 ad
687 4771 773 4821 eraso,
792 4754 829 4807 H.
859 4756 894 4819 cs.
911 4755 1042 4822 Wolffliu
1058 4756 1152 4812 ‘Arelr
1167 4759 1187 4823 t'.
1204 4759 1250 4812 lui.
1268 4758 1423 4829 Lecr'copr.’
1441 4757 1479 4812 IV

170 4829 221 4879 Ρ.
238 4831 270 4878 68
281 4842 319 4896 sq.
334 4827 344 4894 l
358 4831 400 4880 19.
420 4824 555 4894 reliquias
577 4826 603 4878 D
617 4827 626 4894 ll
641 4829 681 4878 lt).
699 4844 728 4894 p.
744 4831 804 4894 3³22,
822 4831 832 4876 1
855 4841 918 4877 cum
938 4825 1048 4879 isaircrn
1069 4829 1105 4882 M

251 4923 297 4964 Cic.
312 4937 348 4974 sp.
362 4924 397 4965 ed.
412 4924 617 4964 Mandslnolrn
1231 4925 1263 4970 tl

124 4988 146 5112 l
