3314 5460
262 116 305 184 96
383 132 388 141 '
713 110 750 173 M.
770 112 876 172 TVLLI
895 112 1083 173 CICERONIS

262 288 296 349 et
319 280 531 349 insolentium
554 304 652 368 quam
676 282 814 349 crudelis
838 286 925 347 esset
947 282 1058 346 futura
1079 280 1226 367 victoria,
1251 280 1440 347 sinautem
1463 272 1536 346 victi

263 396 385 470 essent,
412 396 554 477 quantus
577 391 730 455 interitus
758 393 845 455 esset
871 390 1001 454 futurus
1025 389 1144 453 civium
1171 388 1293 474 partim
1321 388 1535 473 amplissimo
1647 416 1655 421 ·

263 521 350 584 rum,
380 498 499 583 partim
527 499 627 562 etiam
658 497 871 581 optimorum,
903 496 958 581 qui
986 519 1038 560 me
1065 495 1146 560 haec
1173 495 1415 580 praedicentem
1443 498 1534 579 atque

263 606 386 690 optime
415 605 637 670 consulentem
665 604 763 668 saluti
793 624 869 667 suae
902 603 1069 667 malebant
1095 601 1231 666 nimium
1261 601 1414 666 timidum
1443 624 1534 685 quam

228 711 344 776 ssatis
368 712 559 796 prudentem
583 709 771 775 existimari.
810 689 896 793 quod
919 714 1028 774 autem
1052 709 1132 773 mibi
1156 709 1196 773 de
1219 729 1273 793 eo,
1297 708 1384 793 quod
1408 709 1572 794 egerims

183 900 186 907 ἱ
263 819 453 903 gratularis,
486 823 517 883 tc
545 819 593 882 ita
621 818 702 882 velle
737 823 825 881 certo
856 818 938 902 sci03
970 817 1025 881 sed
1053 837 1114 901 ego
1142 817 1211 879 tam
1239 815 1360 880 misero
1394 819 1545 900 tempore
1632 862 1635 867 -

262 925 344 990 nihil
368 927 443 991 novi
468 925 596 990 consilii
620 925 793 1008 cepissem,
816 925 879 988 nisi
903 925 938 987 in
959 922 1066 987 reditu
1089 944 1162 987 meo
1185 922 1289 986 nihilo
1313 922 1467 988 meliores
1490 946 1557 990 res

263 1031 457 1097 domesticas
481 1053 578 1116 quam
602 1054 670 1096 rem
695 1031 859 1115 publicam
880 1030 1099 1112 offendissem,
1124 1029 1242 1113 quibus
1265 1029 1353 1093 enim
1375 1051 1438 1115 pro
1461 1031 1567 1099 meis

263 1137 504 1202 immortalibus
531 1137 697 1202 beneficiis
726 1137 895 1202 carissima
919 1159 990 1200 mea
1013 1136 1101 1203 salus
1126 1139 1159 1199 et
1180 1158 1271 1200 meae
1294 1135 1448 1201 fortunae
1471 1158 1580 1208 esse

263 1244 433 1326 debebant,
456 1267 529 1308 cum
552 1249 686 1328 propter
709 1266 821 1308 eorum
845 1244 950 1308 scelus
973 1243 1054 1307 nihil
1078 1243 1160 1307 mihi
1183 1243 1270 1308 intra
1288 1264 1379 1308 meos
1397 1244 1597 1328 parietes
1613 1260 1630 1303 n

263 1356 385 1433 tutum,
408 1351 489 1414 nibil
513 1350 640 1414 insidiis
664 1372 801 1414 vacuum
824 1349 979 1434 viderem,
1007 1372 1164 1414 novarum
1188 1372 1240 1415 me
1263 1350 1612 1420 necessitudinum

263 1457 421 1522 fidelitate
459 1462 573 1523 contra
612 1462 754 1522 veterum
785 1456 955 1540 perfidiam
993 1456 1201 1522 muniendum
1240 1456 1363 1541 putavi.
1414 1458 1471 1522 sed
1514 1462 1618 1525 de

230 1565 386 1629 rnostris
415 1564 511 1628 rebus
541 1563 620 1627 satis
644 1563 694 1627 vel
717 1563 816 1626 etism
845 1563 982 1627 nimium
1010 1564 1127 1628 multa:
1159 1563 1198 1628 de
1226 1563 1292 1627 tuis
1319 1564 1420 1628 velim
1444 1568 1481 1628 ut
1530 1588 1622 1630 eo

264 1671 310 1736 sis
334 1671 452 1753 animo,
475 1691 539 1754 quo
563 1669 660 1734 debes
685 1691 764 1751 esse,
787 1669 820 1732 id
844 1673 904 1748 est,
926 1673 964 1732 ut
987 1691 1027 1733 nc
1052 1670 1129 1753 quid
1144 1668 1214 1733 tibi
1234 1669 1408 1754 praecipue
1428 1670 1627 1735 timem-

263 1777 340 1841 dum
363 1781 472 1860 putes3
496 1776 524 1840 si
548 1776 634 1839 enim
658 1780 764 1839 status
787 1774 850 1838 erit
874 1775 992 1860 aliquis
1016 1775 1172 1857 civitatis,
1195 1775 1391 1861 quicumque
1415 1776 1488 1860 erit,
1571 1778 1655 1836 {ed

263 1885 424 1951 omnium.
441 1883 660 1966 periculorum
691 1882 784 1946 video
814 1886 979 1965 expertem
1009 1882 1091 1968 fore,
1123 1905 1199 1946 nam
1232 1882 1353 1947 alteros
1386 1883 1450 1948 tibi
1477 1883 1630 1947 ianr

263 1991 410 2076 placatos
444 2012 514 2054 esse
547 1988 719 2074 intellego,
752 1989 872 2052 alteros
905 2010 1083 2074 numquam
1116 1989 1218 2054 iratos
1246 1988 1356 2053 fuisse.
1402 1989 1444 2054 de
1470 2000 1632 2054 111OEI

260 2101 369 2162 autem
395 2097 483 2160 inte
508 2095 676 2160 voluntate
705 2094 752 2158 sic
775 2095 873 2159 velim
902 2095 1038 2180 iudices,
1068 2119 1132 2180 me,
1162 2096 1423 2180 quibuscumque
1445 2098 1634 2161 reb-1⁸

261 2227 342 2288 opus
366 2226 436 2268 esse
459 2203 664 2288 intellegam,
693 2224 889 2286 quamquam
918 2203 1060 2287 videam,
1086 2203 1142 2287 qui
1166 2203 1229 2266 sim
1252 2203 1314 2268 hoc
1337 2207 1489 2289 tempore
1528 2230 1573 2253 ο
1613 2184 1639 2288 ll

261 2311 338 2394 quid
368 2310 506 2395 possim,
539 2332 637 2394 opera
666 2314 775 2373 tamen
803 2313 836 2372 et
864 2309 1015 2392 consilio,
1048 2308 1156 2374 studio
1189 2310 1320 2393 quidem
1352 2315 1456 2395 certe,
1489 2297 1650 2384 rfff’

261 2417 375 2500 famae,
400 2417 498 2481 saluti
522 2419 597 2480 tuae
620 2420 752 2500 praesto
778 2414 932 2480 futurum.
971 2421 1007 2479 tu
1026 2415 1124 2480 velim
1147 2419 1181 2479 et
1204 2414 1282 2500 quid
1304 2438 1385 2502 agas
1409 2421 1444 2481 et
1466 2413 1521 2501 qm'
1534 2391 1654 2471 θ’

262 2528 410 2589 acturum
435 2529 467 2587 te
491 2528 586 2607 putes
610 2523 710 2587 facias
736 2545 786 2585 me
811 2544 908 2605 quam
932 2522 1182 2608 diligentissime
1206 2523 1389 2588 certiorem.
1427 2523 1502 2589 vale.
1620 2511 1651 2533 ‘⁸

796 2753 865 2818 nu.
904 2752 1007 2840 (195.)

548 2896 612 2978 <n
636 2894 795 2960 cronno
821 2895 853 2961 s.
876 2895 916 2960 n.
940 2895 1008 2962 cn.
1032 2893 1255 2979 nonnoso>

231 3060 240 3102 ι
353 3039 472 3122 Accepi
494 3038 661 3122 perbrevis
686 3042 759 3102 tuas
783 3037 922 3123 litteras,
946 3039 1064 3123 quibus
1087 3039 1129 3120 id,
1153 3038 1239 3123 quod
1258 3038 1342 3103 scire
1361 3038 1589 3127 cupiebamrss
1621 3044 1641 3075 ‘

263 3167 458 3233 cognoscere
485 3166 551 3208 non
578 3144 686 3228 potui,
715 3145 852 3230 cognovi
881 3146 1060 3229 autemid,
1090 3145 1176 3229 quod
1204 3144 1285 3209 mihi
1312 3145 1450 3212 dubium
1474 3168 1538 3213 non
1651 3119 1657 3146 ¹

263 3254 339 3318 fuit:
367 3274 456 3331 nam,
485 3274 583 3336 quam
612 3251 742 3317 fortiter
772 3251 873 3316 ferres
901 3252 1083 3317 communis
1106 3252 1268 3336 miserias,
1295 3273 1364 3317 non
1386 3252 1540 3340 intellexi,

263 3383 361 3444 quam
384 3382 435 3423 me
459 3380 594 3440 amares,
618 3358 713 3423 facilc
732 3359 896 3442 perspexi3
919 3359 976 3424 sed
998 3360 1062 3424 hoc
1081 3359 1227 3442 scieram,
1250 3359 1330 3423 illud
1350 3358 1379 3424 si
1397 3360 1544 3444 scissem,

228 3484 244 3531 s
264 3467 304 3531 ad
328 3468 360 3531 id
384 3489 472 3530 meas
490 3466 620 3530 litteras
640 3465 977 3531 accommodavissem.
1016 3467 1072 3530 scd
1090 3470 1199 3531 tamen
1218 3465 1281 3531 etsi
1299 3469 1398 3531 antea
1416 3466 1543 3552 scripsi,

264 3595 346 3657 quae
370 3573 554 3636 existimavi
579 3573 679 3636 scribi
708 3577 872 3656 oportere,
902 3577 1011 3636 tamen
1034 3573 1097 3637 hoc
1121 3578 1267 3658 tempore
1290 3573 1437 3639 breviter
1458 3572 1631 3640 eom-soff

353 3787 376 3834 1.
398 3782 410 3833 I
428 3784 492 3835 tura
546 3789 570 3835 t).
591 3785 666 3837 esset
684 3801 734 3837 ons.
756 3785 780 3837 G
795 3787 804 3847 l
819 3789 843 3838 1.
860 3791 921 3852 post
941 3783 1062 3838 uictoria
1080 3786 1180 3840 addita
1197 3786 1230 3839 in
1244 3784 1281 3837 M
1294 3782 1340 3839 sin
1357 3786 1456 3840 autem
1473 3784 1543 3843 uicti

263 3856 357 3906 essent
384 3855 506 3920 quantus
535 3853 664 3907 interitus
692 3856 766 3908 esset
792 3855 902 3908 futurus
926 3872 944 3908 n
967 3855 1088 3909 uictoria
1109 3874 1170 3926 exp.
1194 3856 1244 3909 Μο
1267 3858 1329 3923 (om
1348 3856 1385 3925 P)
1412 3859 1424 3926 Ι
1449 3862 1476 3912 8.
1498 3874 1543 3913 me

262 3924 332 3979 haec
352 3924 398 3992 M,
423 3924 493 3978 haec
516 3941 560 3978 me
586 3926 624 3992 G,
647 3942 691 3978 mc
710 3926 738 3980 R
765 3929 774 3993 ΙΙ
802 3931 826 3979 4.
851 3926 936 3979 saluti
960 3943 1027 3980 sace
1051 3928 1146 3996 Men,
1175 3926 1276 3982 salutis
1299 3943 1367 3982 suae
1391 3926 1452 3995 ΜῙ,
1476 3946 1544 3985 suae

263 3995 363 4049 salutis
385 3997 480 4065 0115.
500 4012 613 4065 egeram
631 3997 659 4050 R
677 3999 686 4065 ΙΙ
707 4003 730 4051 6.
751 3996 904 4066 gratularis
923 4016 957 4051 ec
975 3998 1112 4065 ,mandari
1135 4000 1167 4052 M
1173 4005 1185 4033 ⁰
1202 4003 1212 4067 I
1231 4000 1307 4054 certe
1327 4000 1353 4054 G
1370 4000 1381 4068 Ι
1399 3999 1453 4054 sed
1473 4002 1543 4069 Mo,

263 4067 339 4135 quod
358 4068 385 4121 Il
399 4070 409 4137 ΙΙ
421 4068 481 4120 tam
501 4068 542 4134 M,
561 4069 657 4120 tamen
678 4069 732 4123 GR
749 4073 759 4136 ΙΙ
779 4075 801 4122 7.
821 4069 910 4122 nihilo
931 4070 971 4136 Μ,
990 4069 1062 4122 nihil
1084 4070 1138 4125 GR
1155 4074 1165 4139 ΙΙ
1187 4076 1228 4125 11.
1247 4086 1386 4124 nouarum
1404 4088 1441 4126 ex
1456 4088 1543 4127 naus

262 4155 323 4190 rum
339 4138 412 4207 M⁰u
428 4143 586 4207 13.14.εοΙΙ
604 4137 652 4207 sis,
671 4144 686 4191 2
702 4141 753 4194 litt.
769 4158 847 4207 erus,
866 4140 904 4193 sis
921 4143 950 4193 in
965 4158 1029 4207 rus,
1048 4141 1086 4193 M
1088 4149 1109 4208 ⁰,
1126 4143 1190 4209 tint.
1210 4142 1302 4208 suerat
1315 4156 1394 4196 esses
1408 4144 1419 4212 fl
1433 4141 1544 4198 ldism

263 4208 317 4263 tibi
338 4210 364 4263 G
391 4212 401 4278 I
430 4216 469 4264 19.
494 4208 577 4264 video
596 4209 755 4281 lVeseobcrq
784 4213 793 4282 l
823 4211 872 4280 qui
892 4212 951 4279 M¹,
974 4211 1037 4280 quis
1057 4212 1168 4267 Meos
1190 4216 1199 4282 I
1222 4218 1265 4267 22.
1287 4212 1353 4267 rslc
1372 4213 1444 4284 GR,
1466 4220 1493 4269 et
1510 4214 1544 4269 Μ

263 4299 280 4332 a
298 4299 332 4334 m.
359 4282 440 4349 prud.
465 4284 581 4351 critique
604 4282 645 4349 (P
660 4285 787 4351 quoqne),
811 4300 860 4337 om.
886 4282 1011 4351 11111124.
1035 4285 1240 4353 inscriptionem
1262 4301 1312 4339 om.
1337 4286 1365 4337 Ω
1388 4291 1416 4340 et
1438 4286 1545 4353 indat

190 4372 193 4379 *
263 4356 304 4406 25.
324 4351 419 4405 breuis
438 4353 466 4406 R
480 4355 488 4420 Ι]
502 4352 613 4406 litteras
632 4355 696 4407 tuas
716 4354 772 4408 GR
789 4356 798 4420 11
817 4359 859 4406 26.
879 4356 974 4408 autem
993 4373 1042 4409 om.
1063 4356 1091 4409 R
1104 4357 1114 4424 ΙΙ
1128 4355 1158 4408 id
1176 4373 1226 4411 om.
1248 4356 1274 4410 G
1287 4357 1297 4424 11
1310 4359 1353 4410 27.
1372 4372 1464 4424 quam
1482 4356 1546 4426 GR,

263 4438 345 4488 quem
371 4423 405 4474 nr
431 4426 440 4490 l
467 4429 509 4477 28.
534 4424 558 4476 si
582 4424 697 4479 scissem
722 4426 760 4491 G,
787 4423 939 4478 siiscisscm
964 4427 1007 4493 III,
1029 4426 1053 4479 si
1076 4426 1230 4480 scissionem
1249 4426 1278 4481 R
1304 4428 1314 4495 ss
1340 4430 1385 4481 29.
1410 4429 1479 4483 ante
1498 4428 1548 4493 (1¹¹³,

264 4497 305 4544 30.
326 4495 453 4560 oportere
471 4510 506 4547 cx
523 4497 665 4562 oporteret
683 4496 719 4547 M
723 4495 729 4528 ¹
748 4497 757 4563 Η
775 4495 909 4565 breviter]
930 4497 1009 4550 brevi
1028 4500 1056 4551 te
1076 4499 1186 4553 Krousa
1205 4499 1276 4566 (ἀνι.
1298 4497 1353 4552 oe.
1372 4500 1430 4569 cp)
1447 4518 1478 4569 p.
1494 4501 1546 4569 le),

263 4562 316 4615 alii
335 4564 400 4615 aliis
418 4564 484 4616 locis
502 4567 531 4616 te
551 4568 704 4620 r'nsercbunt
