3286 5460
662 338 701 394 M.
720 337 826 392 TVLLI
845 335 1035 390 CICERONIS

748 570 818 638 xv.
850 569 954 659 (aar.)

653 712 814 781 CICERO
837 711 996 779 BASILO
1021 710 1054 779 S.
1079 762 1258 849 m

301 862 376 926 Tibi
399 860 556 946 gratulor,
580 858 660 922 mihi
684 860 824 943 gaudeo,
847 859 881 922 te
905 876 989 939 amo,
1011 860 1070 920 tua
1092 859 1201 943 tueor3
1224 878 1244 920 a
1266 859 1300 923 te
1324 855 1427 922 amari
1448 862 1486 939 ct,

214 970 289 1053 quid
314 989 393 1053 agas
418 967 558 1051 quidque
582 968 712 1051 agatur,
736 963 857 1030 certior
878 963 950 1029 lieri
973 963 1056 1028 volo.

741 1158 830 1226 xvi.
862 1158 965 1245 (aas.)
1505 1181 1515 1219 ⁵

573 1300 844 1368 sr'rururovs
870 1298 1082 1367 oronaour
1106 1300 1138 1367 s.

304 1446 339 1511 Si
367 1447 447 1510 mihi
475 1450 582 1509 tecum
610 1467 675 1509 non
703 1449 736 1509 et
764 1443 885 1508 multae
908 1449 942 1509 et
965 1443 1015 1527 is
1097 1464 1217 1563 ⁰³32&
1239 1360 1536 1528 amicitiam

216 1555 318 1620 vatim
341 1557 459 1638 essent,
481 1556 662 1636 repeterem
684 1550 779 1616 initia
798 1550 962 1616 amicitiae
981 1572 1060 1636 exp
1098 1551 1229 1617 entrbus
1252 1550 1386 1637 nostris,
1409 1550 1488 1635 quod

215 1661 398 1727 faciendum
422 1660 469 1724 eis
493 1660 661 1745 existimo,
688 1658 744 1743 qui
767 1662 938 1743 paternam
966 1656 1145 1723 amicitiam
1166 1656 1267 1723 nullis
1289 1654 1355 1743 ipsi
1378 1558 1552 1777 officiis&

215 1768 378 1853 prosecuti
402 1771 493 1832 sunt:
515 1766 627 1850 itaque
647 1770 820 1831 contentus
843 1787 899 1830 ero
921 1768 1036 1830 nostra
1058 1764 1206 1849 ipsorum
1224 1762 1381 1849 amteitIa,
1403 1762 1520 1830 cuiusa

215 1875 334 1940 fiducia
361 1878 438 1958 peto
466 1896 486 1937 a
512 1878 559 1957 te,
587 1877 624 1938 ut
651 1873 820 1937 absentem
844 1893 911 1958 me,
937 1872 1196 1956 quibuscumque
1223 1869 1261 1937 in
1287 1870 1387 1937 rebus
1414 1892 1490 1957 opus

216 1982 330 2065 fuerit,
362 1985 487 2063 tueare,
520 1980 547 2044 si
575 1980 701 2044 nullum
730 1978 874 2044 officium
902 1981 995 2043 tuum
1022 1979 1108 2063 apud
1135 2000 1188 2044 me
1213 1976 1305 2118 inffl⁴
1336 1976 1386 2044 ori

216 2089 393 2153 existimas.
435 2086 515 2152 vale.

732 2228 837 2293 nvn.
876 2226 981 2313 (aas.)

635 2370 795 2435 oroneo
827 2368 1079 2436 arnnrruoo.
1509 2394 1532 2433 n
1614 2373 1632 2399 ·

185 2535 195 2579 1
306 2512 389 2579 Cum
413 2518 593 2580 ceterarum
618 2535 726 2577 rerum
746 2535 844 2578 causa
866 2513 962 2597 cupio
986 2534 1057 2577 esse
1081 2512 1257 2599 aliquando
1280 2534 1351 2579 rem
1373 2536 1406 2599 p.
1428 2534 1501 2579 con·

219 2622 385 2706 stitutam,
416 2625 487 2685 tum
515 2620 613 2686 uelim
647 2620 726 2684 mihi
760 2620 873 2685 credas
906 2619 1071 2704 accedere,
1103 2619 1135 2685 id
1164 2618 1265 2685 etiam
1297 2640 1363 2705 quo
1396 2619 1501 2707 magis

218 2732 381 2812 expetam,
409 2728 608 2812 promissum
632 2731 740 2811 tuum,
770 2748 834 2811 quo
856 2726 893 2791 in
915 2726 1036 2791 litteris
1059 2726 1175 2811 uteris3
1204 2724 1322 2792 scribis
1344 2724 1448 2812 enim,
1475 2724 1503 2791 si

186 2852 202 2898 e
222 2835 269 2898 ita
293 2835 347 2918 sit,
370 2838 402 2897 to
427 2856 554 2899 mecum
577 2855 647 2898 esse
667 2833 839 2899 victurum.
880 2833 1070 2919 gratissima
1087 2832 1170 2899 mihi
1192 2837 1251 2899 tua
1272 2832 1426 2899 voluntas
1444 2836 1504 2917 est,

222 2940 365 3023 facisque
388 2941 471 3004 nihil
495 2939 637 3005 alienum
660 2940 898 3005 necessitudine
917 2943 1032 3005 nostra
1054 2938 1248 3025 iudiciisque
1265 2939 1372 3025 patris
1395 2940 1538 3007 tuideo
1585 2965 1596 2986 ¹
1632 2961 1643 2980 '-

221 3069 286 3127 me,
321 3046 441 3110 summi
468 3047 544 3129 viri,
576 3069 651 3111 nam
680 3047 727 3112 sio
755 3047 890 3131 habeto,
922 3046 1154 3112 beneficiorum
1183 3046 1411 3133 magnitudine
1437 3068 1503 3132 eos,

223 3152 278 3235 qui
306 3152 508 3235 temporibus
538 3153 712 3218 valuerunt
743 3154 812 3238 †nt
841 3153 986 3239 valeant,
1017 3153 1257 3219 coniunctiores
1288 3156 1401 3219 tacnrn
1432 3174 1502 3219 asse

223 3279 320 3340 quam
344 3279 407 3341 me,
434 3260 672 3325 necessitudine
700 3260 871 3325 neminem
918 3260 1130 3345 quemobrem
1157 3263 1254 3347 grata
1280 3258 1364 3325 mihi
1392 3264 1501 3327 estet

223 3363 380 3429 memoria
398 3369 455 3429 tua
473 3370 604 3432 nostrae
628 3367 867 3432 coniunctionis
891 3371 925 3432 et
948 3368 1017 3432 eius
1036 3366 1137 3432 etiam
1156 3366 1323 3454 augendae
1341 3367 1498 3434 voluntas

731 3562 856 3627 nuru.
890 3560 997 3649 (saa.)

678 3702 839 3769 (ticiano
864 3704 1046 3769 unruau.

191 3862 202 3907 1
313 3842 517 3929 Simulatque
552 3846 661 3929 accepi
694 3868 714 3909 a
743 3846 877 3913 Seleuco
905 3851 963 3912 tuo
995 3848 1137 3930 litteras,
1171 3846 1285 3913 statim
1314 3848 1462 3933 quaesivi
1485 3874 1500 3897 ·
1568 3896 1584 3937 θ

225 3950 330 4015 Balbo
353 3974 412 4034 per
435 3952 611 4036 codicillos,
635 3953 714 4036 quid
732 3958 817 4018 esset
840 3954 875 4018 in
898 3954 984 4039 lege:
1008 3954 1177 4038 rescripsit
1194 3975 1260 4038 eos,
1283 3954 1342 4039 qui
1361 3954 1588 4036 facereQe

227 4057 448 4141 praeconium,
477 4060 578 4122 vetari
604 4081 674 4123 esse
697 4059 732 4123 in
756 4058 997 4143 decurionibus,
1025 4061 1081 4144 qui
1105 4061 1271 4145 fecissent,
1298 4082 1366 4127 non
1395 4066 1592 4137 vetaxi,

314 4294 338 4340 ι).
359 4285 450 4339 basile
470 4304 499 4353 ς,
524 4285 626 4341 basilio
646 4290 672 4340 a
693 4290 704 4367 ll
726 4294 750 4341 o,
771 4287 824 4359 eis]
843 4287 888 4340 bis
907 4290 942 4355 a,
961 4287 996 4341 iis
1016 4306 1031 4345 ς
1055 4290 1065 4357 ΙΙ
1087 4288 1157 4358 ipsis
1176 4289 1214 4343 M
1231 4291 1242 4361 u
1266 4294 1307 4345 10.
1327 4294 1605 4361 conannas

226 4358 281 4412 CR
304 4360 313 4426 ll
336 4362 462 4411 nostram
480 4358 518 4411 M
536 4362 545 4427 ll
571 4365 610 4411 12.
631 4361 796 4411 moriturum
815 4359 842 4413 R
864 4362 873 4427 11
897 4365 938 4414 17.
958 4358 1086 4425 accidere
1106 4360 1133 4415 G
1154 4362 1164 4429 ΙΙ
1188 4365 1230 4416 17.
1251 4366 1293 4415 18.
1315 4360 1520 4417 ameum
1535 4406 1567 4431 ‚
1582 4360 1609 4415 id

225 4428 312 4483 etiam
335 4445 390 4497 quo
413 4446 506 4497 me,
533 4431 572 4483 sic
595 4430 728 4484 <lietberto
751 4432 853 4485 reticui
878 4448 940 4486 carn
959 4432 1085 4493 Klotzio,
1112 4431 1246 4487 accedere
1269 4428 1371 4501 etiam,
1397 4430 1429 4487 id
1553 4446 1612 4501 qno

226 4518 261 4555 m.
281 4518 314 4567 e.,
338 4502 438 4555 ,screare
457 4501 512 4554 crisi
531 4499 618 4553 etiam
636 4502 782 4569 (toleretur,
805 4518 860 4569 quo
883 4502 974 4573 magis
993 4504 1123 4571 expetam
1142 4504 1193 4558 ael.
1212 4502 1349 4559 Strcs'ctcr
1365 4504 1406 4573 (p.
1420 4496 1616 4571 Eoblff'.

228 4577 269 4626 18,
289 4570 392 4624 litteris
419 4570 518 4643 <tuis)
541 4572 577 4626 H.
593 4572 628 4625 A.
645 4573 723 4627 Koch
746 4573 862 4641 (Philet.
883 4576 951 4628 Ana.
971 4575 996 4627 V
1010 4592 1039 4643 p.
1058 4576 1120 4644 161)
1141 4578 1152 4644 l
1175 4579 1217 4630 2⁶2.
1243 4575 1277 4629 ut
1300 4570 1416 4629 valcant
1573 4570 1618 4629 tul

227 4641 324 4696 valent
343 4660 371 4705 ς,
397 4649 463 4697 ercle
484 4650 560 4711 pulo.
584 4644 635 4697 olel.
660 4645 719 4697 ulii
750 4641 798 4711 qui
822 4647 905 4711 temp.
926 4644 998 4715 <aut
1037 4646 1189 4699 valuerunt
1214 4648 1264 4699 aut
1282 4642 1378 4699 valent
1527 4658 1618 4706 m

228 4714 289 4781 beru
312 4716 321 4781 11
345 4712 518 4767 coniunctior
541 4714 594 4767 istc
617 4731 681 4767 cum
700 4715 737 4767 M
755 4718 765 4780 ΙΙ
788 4720 829 4768 23.
854 4717 965 4783 gratam
1001 4716 1020 4768 Ι
1039 4720 1048 4783 ΙΙ
1070 4721 1113 4771 27.
1133 4716 1303 4786 simulatque
1322 4715 1349 4773 θ
1369 4720 1396 4771 et
1434 4717 1618 4779 -ἰήιᾰᾶ

229 4784 297 4851 rIIG,
317 4784 400 4837 simul
419 4785 481 4839 MR
495 4787 504 4853 ll
518 4790 559 4839 28.
579 4784 608 4838 in
627 4785 703 4857 lega]
723 4785 750 4841 C.
765 4786 789 4840 I.
805 4786 839 4839 L.
855 4786 866 4837 I
881 4792 942 4853 206,
957 4792 992 4839 94
