3286 5460
562 379 819 437 sersrvmsvu
837 379 883 435 m.
902 385 945 434 21.
965 385 1007 434 aa.
1028 385 1070 435 aa.
1143 336 1149 348 ’

700 667 936 756 mmmm

524 827 1115 895 mmmmsooomm.

272 990 355 1057 Cum
379 992 487 1077 Appio
511 990 647 1057 Claudio
671 988 705 1055 Ο.
729 991 750 1054 f.
773 1012 901 1055 summa
929 990 1009 1054 mihi
1037 992 1242 1056 necessitudo
1270 998 1321 1058 est
1344 994 1456 1058 multis
1480 1007 1491 1054 t

183 1101 252 1164 eius
286 1100 403 1165 officiis
435 1103 469 1165 et
498 1099 579 1163 meis
613 1099 735 1162 mutuis
769 1097 957 1162 constituta.
1001 1102 1078 1181 peto
1111 1119 1131 1161 a
1162 1102 1194 1162 te
1230 1099 1387 1163 maiorem
1424 1101 1459 1164 in

158 1206 316 1271 smodum
346 1207 396 1271 vel
423 1188 638 1270 immanitatis
666 1210 741 1271 tuae
768 1206 820 1269 rel
847 1227 919 1269 mea
951 1226 1061 1287 eausa,
1088 1209 1126 1269 ut
1158 1227 1230 1269 eum
1264 1206 1457 1272 auctoritate

184 1318 256 1396 tus,
284 1335 366 1397 quae
394 1313 572 1397 plurimum
600 1313 700 1398 velet,
723 1317 948 1377 conservatum
978 1309 1067 1376 velis.
1113 1312 1187 1378 volo
1216 1317 1263 1398 te,
1291 1336 1364 1379 cum
1396 1313 1458 1379 for-

184 1420 332 1485 tissimus
355 1421 407 1485 vir
430 1421 580 1505 cognitus
604 1418 658 1503 sis,
681 1419 781 1483 etiam
805 1418 1092 1483 clementissimum
1115 1418 1303 1484 existimari.
1339 1441 1458 1506 magno

185 1527 248 1592 tibi
271 1527 335 1592 erit
362 1531 554 1592 ornamento
581 1527 822 1592 nobilissimum
851 1526 1087 1590 adulescentem
1116 1526 1274 1592 beneficio
1303 1532 1360 1592 tuo
1389 1549 1459 1591 esse

186 1632 326 1697 salvum:
354 1634 445 1699 ouius
473 1634 602 1718 quidem
631 1656 728 1699 causa
754 1633 816 1698 hoc
843 1632 959 1697 melior
986 1632 1083 1696 debet
1111 1654 1196 1714 esse,
1224 1635 1310 1718 quod
1338 1634 1460 1718 pietate

146 1759 172 1797 ιο
186 1739 343 1805 adductus
371 1745 504 1825 propter
531 1741 635 1825 patris
667 1741 908 1805 restitutionem
941 1762 975 1804 se
1003 1761 1076 1804 cum
1104 1740 1250 1804 Antonio
1279 1741 1460 1824 coniunxit3

188 1868 301 1929 quare,
330 1849 392 1912 etsi
424 1848 532 1913 minus
563 1870 671 1912 veram
705 1869 835 1912 causam
863 1846 1013 1930 habebis,
1041 1851 1150 1911 tamen
1178 1848 1229 1912 vol
1256 1847 1496 1932 probabilema

186 1952 330 2037 aliquam
353 1955 477 2038 poteris
500 1955 659 2020 inducere.
696 1958 795 2019 nutus
820 1959 895 2018 tuus
919 1957 1029 2038 potest
1051 1953 1218 2018 hominem
1240 1976 1368 2018 summo
1388 1954 1460 2018 Ioco

185 2062 309 2142 natum,
332 2080 459 2124 summo
482 2060 624 2145 ingenio,
643 2061 770 2125 summa
793 2060 922 2143 virtute,
941 2058 1218 2125 officiosissimum
1240 2065 1408 2145 praeterea
1427 2064 1460 2124 et

186 2164 425 2250 gratissimum,
448 2166 643 2232 incolumem
667 2168 700 2231 in
723 2166 855 2232 civitate
879 2168 1031 2232 retinere:
1056 2168 1141 2251 quod
1170 2172 1207 2232 ut
1233 2167 1348 2250 faciae,
1370 2167 1419 2230 ita
1442 2191 1461 2231 a

148 2274 220 2336 rste
242 2276 329 2356 peto,
351 2276 389 2336 ut
413 2272 534 2338 maiore
558 2274 666 2339 studio
691 2274 836 2360 magisve
860 2297 898 2338 ex
922 2274 1030 2340 animo
1053 2278 1163 2359 petere
1186 2296 1252 2339 non
1274 2273 1406 2359 possim.

696 2538 952 2626 xmrmm

451 2697 1155 2787 ¹omrvsvssumorcasom

276 2859 347 2926 Nos
375 2861 429 2925 hic
456 2861 601 2926 valemus
629 2866 715 2927 recte
743 2866 790 2946 et,
813 2884 877 2946 quo
908 2860 1024 2926 melius
1048 2863 1227 2947 valeamus,
1249 2884 1381 2947 operam
1410 2862 1495 2926 da·1

188 2967 304 3032 bimus.
337 2966 478 3051 Lepidus
507 2969 673 3033 commode
701 2968 795 3032 nobis
825 2968 944 3033 sentire
972 2969 1112 3034 videtur:
1141 2969 1229 3034 omni
1261 2968 1379 3032 timore
1412 2967 1462 3032 de

149 3100 175 3139 so
188 3076 298 3162 posito
321 3074 475 3141 debemus
494 3077 596 3141 libere
615 3078 663 3142 rei
681 3101 711 3161 p.
730 3077 907 3142 consulere.
939 3077 1025 3160 quod
1045 3077 1073 3141 si
1093 3075 1202 3142 omnia
1220 3079 1329 3140 essent
1348 3075 1462 3160 aliena,

188 3187 300 3247 tamen
323 3181 429 3246 tribus
453 3183 554 3247 tantis
578 3184 784 3267 exercitibus,
807 3182 950 3267 propriis
968 3183 1015 3246 rei
1034 3205 1074 3267 p,
1097 3182 1282 3247 valentibus
1307 3201 1461 3266 magnum

189 3289 334 3353 animum
356 3276 475 3354 habere
499 3289 649 3376 debebas,
672 3313 768 3375 quem
791 3295 825 3355 et
848 3310 976 3373 semper
998 3289 1143 3353 habuisti
1167 3294 1200 3354 et
1223 3311 1308 3353 nunc
1331 3288 1463 3352 fortuna

188 3396 361 3461 adiuvante
384 3416 502 3481 augere
525 3401 628 3480 potes.
675 3420 757 3482 quse
780 3397 843 3461 tibi
867 3395 1088 3481 superioribus
1116 3395 1237 3461 litteris
1265 3417 1337 3459 mea
1365 3409 1498 3458 manua

189 3503 315 3588 scripsi,
333 3504 475 3567 terrendi
499 3504 549 3569 tui
571 3527 670 3568 causa
687 3504 836 3569 homines
858 3504 1024 3568 locuntur:
1048 3504 1076 3567 si
1094 3503 1222 3568 frenum
1241 3500 1464 3583 momorderis,

150 3632 176 3672 rs
190 3632 334 3694 peream,
357 3611 384 3673 si
417 3614 450 3674 te
483 3633 609 3696 omnes,
640 3612 725 3696 quod
754 3615 839 3695 sunt,
868 3615 1039 3675 conantem
1071 3611 1161 3694 loqui
1193 3609 1277 3674 ferre
1309 3608 1463 3692 poterint.

190 3737 260 3801 ego,
283 3716 345 3780 tibi
368 3721 405 3781 ut
428 3721 524 3781 antea
547 3718 674 3802 scripsi,
693 3718 769 3782 dum
793 3717 874 3781 mihi
897 3740 916 3781 a
939 3721 972 3781 te
996 3717 1125 3781 litterae
1150 3716 1290 3800 venient,
1313 3715 1347 3778 in
1366 3713 1465 3778 Italia

190 3824 350 3888 morabor.
397 3843 459 3889 vm
484 3823 522 3888 K.
546 3824 657 3889 Iunias
680 3823 852 3919 Eporedia.

278 4059 303 4108 4.
314 4059 338 4107 ⁵.
354 4053 488 4108 maiorem
498 4054 651 4108 immodum
663 4055 698 4107 M
708 4056 717 4123 II
733 4059 773 4107 10.
785 4070 814 4106 se
825 4055 900 4124 cum]
916 4071 1024 4108 mecum
1035 4055 1076 4119 M,
1086 4070 1130 4106 me
1142 4070 1204 4106 cum
1215 4052 1276 4105 111)
1289 4052 1297 4118 ΙΙ
1313 4056 1353 4104 11.
1365 4051 1464 4121 quare]

190 4141 275 4192 quam
297 4131 322 4178 et
343 4124 401 4195 vel]
424 4124 504 4178 velut
523 4126 550 4179 0.
574 4127 608 4180 F.
628 4127 774 4180 Hermann
798 4126 912 4193 (Philet.
928 4125 953 4177 X
972 4145 1001 4193 p.
1017 4128 1080 4192 239)
1102 4132 1131 4179 at
1154 4144 1177 4179 o.
1199 4123 1226 4178 0.
1248 4123 1282 4176 F.
1300 4123 1341 4175 W.
1362 4123 1466 4176 Mttller

191 4195 270 4250 ‘cont
293 4196 376 4249 Tan)
394 4215 423 4264 p.
440 4201 453 4248 7
469 4200 533 4261 11Ιῖ.
553 4200 637 4250 nutus
655 4197 734 4267 tuus]
754 4197 856 4249 nutuus
876 4197 917 4263 M,
936 4195 1033 4250 mitius
1052 4215 1086 4251 ea
1099 4195 1214 4250 nuntius
1228 4195 1266 4261 D,
1285 4193 1403 4247 nuncius
1419 4194 1466 4259 HI

189 4267 269 4334 potes
288 4285 322 4320 ex
339 4269 433 4336 potest
452 4269 488 4321 D.
516 4271 585 4321 nutu
604 4271 684 4339 potes
702 4270 817 4331 scribere
836 4267 928 4322 cicero
947 4271 1053 4338 potuit,
1076 4270 1168 4337 potuit
1190 4285 1246 4322 rum
1269 4267 1359 4320 minus
1381 4267 1465 4317 nutus

189 4340 254 4389 tuus
272 4340 367 4406 potest
379 4340 388 4407 II
404 4345 444 4392 18.
464 4343 493 4392 et
511 4356 566 4407 quo
585 4339 697 4410 melius]
717 4342 746 4393 et
763 4341 795 4393 ut
813 4338 940 4407 quotidie
958 4339 1058 4394 melius
1074 4340 1152 4394 Cobet
1167 4339 1308 4406 (Mnemoe.
1324 4334 1370 4390 VI.
1387 4340 1463 4388 1878.

186 4426 216 4477 p.
232 4411 294 4476 431)
312 4411 371 4464 cott.
390 4429 429 4478 ep.
450 4416 497 4476 at,
513 4418 542 4477 1,
560 4414 669 4465 iniuria
684 4418 760 4480 puto.
788 4413 823 4475 cs.
838 4411 875 4478 X,
891 4416 967 4476 33,1
988 4412 1114 4479 (Potttop
1142 4411 1208 4476 ‘quo
1231 4408 1340 4461 tardius
1364 4406 1466 4460 certior

189 4479 291 4546 fierem,
311 4478 432 4548 Lepidus
451 4482 565 4549 effecit',
584 4482 632 4550 XI,
645 4488 688 4550 28,
704 4489 719 4536 8
739 4484 881 4551 (Mat-ius):
903 4484 970 4550 ‘quo
988 4482 1079 4551 magis
1094 4481 1154 4534 iure
1168 4479 1258 4534 colere
1273 4481 1357 4546 ablue
1372 4478 1465 4532 obser·

190 4566 256 4603 vare
276 4550 415 4618 deberem,
433 4553 522 4621 Iecit’,
546 4555 736 4608 Weissenborn
754 4555 791 4607 ad
809 4555 871 4607 Lr'v.
892 4554 991 4619 11‚co,
1009 4562 1019 4605 t
1044 4556 1054 4620 11
1078 4559 1118 4607 19.
1138 4550 1231 4621 nobis]
1256 4550 1290 4602 de
1314 4549 1394 4603 nobis
1416 4552 1446 4603 Ψ
1463 4551 1466 4616 I

191 4626 232 4676 20.
253 4621 359 4692 aliena]
378 4622 437 4676 alia
456 4626 564 4695 Kayser
577 4627 586 4693 {I
600 4631 642 4679 24.
662 4624 792 4678 locuntur
810 4625 880 4691 HI),
898 4624 1050 4692 loquuntur
1069 4625 1105 4677 M
1115 4625 1124 4692 11
1138 4623 1163 4676 si
1181 4622 1214 4675 fr.
1230 4623 1325 4691 mom]
1352 4624 1386 4686 cf.
1405 4621 1466 4675 Otto

191 4692 334 4762 ‘Spriebm
353 4695 379 4747 d.
399 4695 447 4748 R?
464 4715 494 4764 p.
513 4702 560 4748 146
575 4699 640 4764 1125.
660 4695 736 4764 quod
750 4697 785 4748 M
801 4698 846 4763 (cs.
862 4698 899 4749 ad
913 4695 985 4761 VIII,
1001 4701 1042 4762 12,
1057 4697 1094 4762 2),
1113 4695 1182 4763 quot
1196 4694 1264 4747 HD.
1288 4695 1427 4760 quotquot
1441 4710 1465 4749 ς.

190 4765 225 4828 cf.
241 4764 373 4831 Wotfftr'n
391 4766 559 4821 Menatem
578 4768 758 4836 Sitzanpsber.
775 4771 851 4821 1882.
872 4767 883 4819 I
899 4785 928 4835 p.
944 4771 995 4818 462
1009 4769 1019 4834 ΙΙ
1032 4766 1156 4835 poterint
1172 4769 1202 4819 Ψ
1214 4768 1258 4829 (ex
1271 4767 1404 4833 poterunt
1417 4764 1465 4831 D),

190 4851 200 4868 ¹
313 4838 317 4844 '
344 4853 358 4864 ⁴
395 4838 431 4903 cs.
450 4838 527 4892 Neue
545 4837 588 4891 ΙΙ*
603 4858 632 4910 p.
648 4843 699 4891 60⁸2
714 4840 779 4906 1126.
799 4837 828 4892 in
849 4837 960 4892 italiam
980 4838 1013 4890 M
1026 4840 1035 4906 11
1049 4844 1090 4890 27.
1111 4837 1245 4908 eporegia
1264 4835 1325 4891 HI)
