3286 5460
646 383 904 440 EPlSTVLARVM
922 386 967 440 ΙΠ.
988 390 1012 440 8.
1429 389 1472 454 63

190 543 364 631 voluisses,
396 545 539 612 Taurum
566 547 635 632 ipse
666 547 838 614 transisti?
871 549 956 632 quod
985 549 1106 615 eisdem
1135 550 1248 615 dicbus
1276 573 1367 616 meus
1396 574 1472 618 cou-

189 656 307 718 ventus
331 658 402 717 erat
424 653 603 739 Apameae,
627 653 786 739 Synnade,
809 655 997 741 Philomeli,
1020 661 1096 721 tuus
1119 655 1236 721 Tarsi?
1277 680 1344 722 uon
1367 658 1472 724 dicam

189 759 295 845 plura,
316 781 366 844 ne,
389 760 424 824 in
448 782 511 844 quo
530 765 563 826 te
582 761 763 847 obiurgem,
786 761 818 826 id
842 762 950 846 ipsum
968 763 1079 828 videar
1097 762 1234 827 imitari:
1257 763 1337 828 illud
1356 765 1471 851 dicam,

189 870 229 930 ut
253 867 371 932 sentio:
399 867 427 932 si
451 868 529 952 ista,
557 890 638 953 quae
663 868 744 934 alios
772 869 863 952 loqui
894 868 989 955 dicis,
1015 870 1086 954 ipse
1116 870 1232 954 sentis,
1261 875 1317 935 tua
1345 894 1472 938 summa

159 973 288 1057 uculpa
315 977 378 1057 est3
409 974 460 1039 sin
488 979 597 1039 autem
625 975 681 1039 alii
710 978 818 1040 tecum
845 975 926 1040 haec
954 976 1120 1060 locuntur,
1149 979 1206 1040 tua
1233 979 1356 1062 tamen,
1385 979 1471 1062 quod

190 1078 298 1161 audis,
326 1081 422 1164 culpa
444 1081 600 1146 nonnulla
624 1086 683 1146 est.
725 1103 797 1146 mea
824 1080 910 1146 ratio
934 1081 966 1145 in
990 1085 1061 1147 tota
1089 1082 1234 1148 amicitia
1261 1088 1375 1149 nostra
1398 1107 1471 1150 con·

190 1192 283 1252 stans
305 1191 339 1251 et
362 1187 473 1274 gravis
497 1189 689 1273 reperietur3
718 1189 803 1272 quod
827 1188 855 1253 si
879 1187 936 1272 qui
959 1211 1010 1253 mc
1034 1189 1228 1255 astutiorem
1257 1191 1366 1276 fingit,
1394 1191 1471 1275 quid

188 1298 303 1378 potest
330 1316 400 1360 csse
428 1295 577 1361 callidius
608 1317 720 1379 quam,
750 1317 824 1361 cum
851 1299 884 1359 te
912 1295 1080 1360 absentem
1110 1318 1237 1380 semper
1264 1296 1471 1383 defenderim,

189 1423 266 1467 cum
289 1402 480 1485 praesertim
504 1400 585 1467 mihi
608 1424 670 1467 usu
693 1406 866 1467 venturum
889 1424 955 1467 non
977 1401 1168 1494 arbitrarer,
1196 1408 1233 1467 ut
1257 1425 1318 1490 ego
1342 1426 1470 1489 quoque

144 1532 174 1571 ro
189 1530 210 1572 a
233 1512 266 1572 te
290 1508 408 1574 absens
427 1507 645 1574 defendendus
664 1531 778 1595 essem,
803 1531 889 1574 nunc
908 1510 1120 1594 committere,
1145 1514 1182 1574 ut
1200 1515 1237 1575 tu
1256 1511 1325 1576 iure
1345 1511 1470 1596 optimo

188 1636 242 1680 1110
271 1620 439 1700 apsentem
470 1615 616 1680 deserere
646 1617 774 1701 posses!
815 1639 915 1682 unum
944 1638 1046 1702 genus
1077 1617 1202 1702 excipio
1230 1619 1403 1703 sermonis,
1437 1619 1505 1683 int

190 1743 256 1806 quo
278 1744 433 1807 persaepe
457 1722 580 1807 aliquid
603 1723 731 1806 dicitur,
755 1724 841 1806 quod
864 1727 897 1788 te
919 1727 1032 1808 putem
1050 1723 1137 1788 nolle
1157 1724 1230 1808 dici,
1253 1724 1281 1788 si
1305 1729 1363 1788 aut
1385 1725 1470 1810 lega·

188 1833 301 1893 torum
324 1833 456 1896 tuorum
479 1829 646 1915 quoipiam
670 1834 728 1894 aut
754 1829 993 1914 praefectorum
1017 1834 1074 1894 aut
1096 1830 1304 1896 tribunorum
1328 1831 1470 1895 militum

188 1935 275 2000 male
304 1935 436 2001 dicitur:
470 1936 557 2021 quod
584 1940 694 2001 tamen
724 1936 832 2021 ipsum
859 1959 925 2002 non
952 1937 1093 2003 mercule
1121 1937 1226 2002 adhuc
1253 1937 1385 2021 accidit,
1418 1960 1469 2002 me

144 2066 174 2105 11
189 2041 341 2107 audiente
364 2046 403 2107 ut
425 2047 483 2107 aut
506 2042 639 2128 gravius
662 2042 823 2107 diceretur
846 2047 904 2107 aut
926 2043 961 2108 in
983 2043 1096 2129 pluris,
1120 2065 1218 2128 quam
1242 2066 1368 2109 mecum
1392 2041 1469 2108 Cor-

189 2169 285 2233 cyrae
310 2146 443 2215 Clodius
467 2153 518 2215 est
540 2149 679 2233 locutus,
704 2170 777 2213 cum
800 2148 835 2213 in
857 2170 904 2230 eo,
920 2170 1037 2234 genere
1060 2150 1201 2216 maxime
1225 2154 1413 2234 quereretur
1435 2154 1468 2215 te

188 2255 329 2321 aliorum
352 2255 564 2342 improbitate
583 2255 690 2321 minus
712 2254 841 2320 felicem
864 2254 973 2321 fuisse
1014 2257 1074 2323 hos
1098 2279 1160 2343 ego
1185 2278 1358 2339 sermones,
1383 2257 1468 2341 quod

188 2368 223 2428 et
245 2364 439 2430 multisunt
461 2368 495 2429 et
517 2368 608 2429 tuam
627 2361 910 2447 existimationem,
932 2367 970 2428 ut
989 2384 1050 2449 ego
1069 2365 1184 2448 sentio,
1207 2385 1273 2428 non
1293 2363 1468 2447 offendunt,

188 2471 341 2536 lacessivi
354 2493 542 2556 numquam,
561 2471 700 2536 sednon
713 2468 808 2535 valde
827 2471 976 2554 repressi.
1014 2471 1042 2535 si
1063 2470 1135 2554 quis
1155 2474 1213 2553 est,
1233 2471 1289 2554 qui
1307 2471 1470 2536 neminem

154 2578 277 2642 arbona
299 2577 362 2642 fide
386 2578 419 2642 in
443 2578 584 2664 gratiam
606 2580 701 2662 putet
724 2575 828 2640 redire
850 2597 961 2660 posse,
990 2600 1056 2642 non
1078 2581 1226 2641 nostram
1250 2577 1279 2641 is
1303 2577 1470 2661 perfidiam

188 2683 388 2771 comarguit,
415 2685 471 2750 sed
499 2685 621 2750 indicat
643 2705 752 2768 suam,
780 2682 941 2766 simulque
968 2705 1035 2748 non
1062 2684 1100 2748 de
1123 2705 1175 2748 me
1198 2684 1227 2748 is
1251 2683 1342 2768 peius
1373 2705 1470 2767 quam

187 2792 226 2856 de
250 2797 283 2856 te
312 2791 493 2875 existimat,
525 2791 576 2855 sin
604 2795 714 2856 autem
743 2812 840 2875 quem
868 2812 941 2855 mea
966 2790 1121 2855 instituta
1146 2791 1182 2854 in
1209 2789 1377 2874 provincia
1403 2812 1470 2854 non

186 2898 352 2964 delectant
370 2902 404 2963 et
423 2897 562 2982 quadam
581 2896 845 2963 dissimilitudine
868 2896 1095 2962 institutorum
1114 2918 1262 2961 meorum
1281 2918 1318 2962 ac
1337 2900 1469 2962 tuorum

185 3005 273 3070 laedi
302 3027 336 3070 se
364 3009 473 3092 putat,
501 3026 574 3069 cum
602 3008 738 3088 uterque
766 3009 915 3069 nostrum
939 3008 1026 3070 recte
1049 3002 1177 3088 fecerit,
1205 3002 1262 3068 sed
1290 3025 1357 3068 uon
1384 3003 1469 3068 idem

138 3121 165 3164 ὅ
182 3115 325 3196 uterquc
349 3116 479 3178 secutus
503 3113 556 3196 sit,
578 3112 664 3176 hunc
682 3131 744 3197 ego
765 3111 904 3176 amicum
927 3111 1047 3176 habere
1070 3132 1136 3174 non
1159 3131 1244 3175 curo.
1286 3110 1467 3175 liberalitas
1487 3127 1504 3175 a

182 3223 258 3304 tua,
286 3223 325 3283 ut
350 3219 493 3284 hominis
521 3217 732 3300 nobilissimi,
759 3217 858 3283 latius
889 3219 922 3282 in
951 3216 1118 3302 provincia
1144 3217 1265 3300 patuit:
1296 3221 1412 3282 nostra
1441 3217 1469 3282 si

179 3325 360 3411 angustior
379 3362 421 3373 -
440 3326 503 3391 etsi
526 3325 565 3390 de
588 3329 646 3391 tua
668 3323 797 3409 prolixa
818 3324 1026 3407 beneficaque
1051 3327 1169 3388 natura
1191 3323 1321 3388 limavit
1345 3324 1468 3408 aliquid

173 3432 351 3517 posterior
365 3454 469 3498 annus
481 3435 617 3517 propter
631 3431 792 3516 quandam
814 3430 985 3494 tristitiam
999 3433 1183 3513 temporum
1200 3467 1250 3514 —,
1268 3451 1335 3494 non
1348 3430 1468 3494 debent

175 3539 301 3604 mirari
328 3538 491 3623 homines,
525 3560 597 3604 cum
626 3540 660 3600 et
687 3539 806 3600 natura
838 3558 966 3620 semper
994 3536 1033 3599 ad
1062 3535 1264 3621 largiendum
1295 3558 1334 3601 ex
1362 3536 1468 3601 alieno

171 3644 307 3710 fuerim
330 3645 510 3711 restrictior
533 3648 566 3709 et
589 3642 806 3728 temporibus,
835 3642 952 3725 quibus
981 3642 1037 3705 alii
1066 3646 1252 3726 moventur,
1280 3642 1384 3706 isdem
1408 3662 1469 3727 ego

175 3772 403 3781 ψ..-

165 3836 244 3894 iarn
265 3839 321 3895 GR
347 3842 357 3908 l
383 3838 535 3894 laodiciam
558 3840 597 3906 G,
625 3835 784 3891 laudiceam
806 3836 835 3890 11
862 3838 871 3903 ΙΙ
900 3841 921 3888 1.
951 3833 1092 3888 transistis
1115 3835 1144 3889 11
1171 3837 1180 3903 ΙΙ
1208 3833 1326 3904 eisdem]
1359 3833 1469 3888 hisdem

167 3910 264 3978 ΜΒ,
296 3910 387 3964 isdem
417 3910 442 3966 G
473 3914 483 3978 l
515 3916 538 3964 1.
564 3923 696 3978 apameae
725 3907 773 3972 M,
807 3905 936 3975 apamiae
965 3908 991 3960 G
1019 3909 1027 3975 ΙΙ
1055 3905 1180 3973 synnade
1208 3906 1258 3974 M,
1287 3905 1404 3959 sinnada
1432 3906 1468 3973 R,

166 3981 326 4036 sinnades
346 3981 372 4037 G
390 3982 468 4051 (M¹).
497 3983 532 4048 cs.
552 3981 630 4035 Neue
647 3979 673 4031 1¹
692 3996 721 4046 p.
737 3982 789 4030 479
816 3980 826 4058 l
853 3983 876 4030 4.
898 3977 954 4030 ista
974 3978 1047 4044 MG,
1071 3976 1113 4030 ita
1131 3976 1159 4031 R
1186 3980 1195 4045 ΙΙ
1223 3981 1247 4029 6.
1267 3975 1311 4030 sin
1335 3979 1469 4030 autem-

168 4058 208 4107 (3.
235 4055 281 4106 est
308 4069 359 4108 om.
387 4054 413 4108 G
440 4055 449 4120 ΙΙ
482 4057 504 4106 7.
525 4051 588 4120 quis
608 4053 634 4105 G
661 4051 670 4117 ΙΙ
698 4055 721 4101 8.
742 4047 861 4101 calidius
886 4065 901 4105 ς
929 4050 938 4115 ΙΙ
966 4053 1161 4116 semper-10.
1187 4047 1288 4100 absens
1316 4065 1367 4102 ccv.
1392 4048 1446 4101 GR
1461 4051 1470 4116 ,1

172 4128 228 4177 10.
255 4122 462 4177 defendendum
485 4124 513 4178 R
540 4127 550 4192 11
577 4123 651 4177 00001
670 4120 725 4174 GR
751 4121 760 4186 ΙΙ
788 4117 975 4189 committere]
1002 4118 1204 4173 committerem
1231 4121 1258 4171 a
1285 4117 1469 4186 (comitterem

170 4197 226 4260 G,
260 4194 424 4250 comiterem
450 4195 497 4264 11).
531 4192 705 4248 committere
737 4206 781 4242 me
814 4191 865 4244 alii
892 4192 901 4256 ΙΙ
930 4196 969 4242 11.
1000 4206 1110 4258 possem
1139 4191 1173 4244 G.
1210 4187 1301 4258 possis
1329 4190 1469 4257 Martyru-

332 4267 342 4334 l
366 4272 406 4320 12.
428 4265 504 4338 (non
552 4264 627 4318 nolle
646 4262 799 4316 Lambinus
825 4264 834 4329 ΙΙ
863 4266 903 4313 13.
924 4260 1080 4332 quoipiam]
1104 4260 1231 4329 quipiam
1254 4262 1300 4326 M,
1324 4258 1373 4327 qui
1393 4259 1469 4328 piam

174 4337 212 4391 G
271 4339 281 4404 l
311 4342 352 4392 14.
372 4336 484 4391 mehcrc
515 4337 606 4392 eGR
633 4337 637 4402 Ι
671 4338 711 4385 14.
736 4336 775 4386 lb.
795 4330 928 4386 audiente
951 4349 996 4385 mc
1019 4333 1046 4386 R
1074 4335 1083 4401 ll
1111 4338 1151 4385 15.
1171 4331 1201 4385 in
1224 4330 1325 4400 pluris]
1353 4277 1469 4383 liberius

180 4406 336 4463 wesenber
379 4409 389 4477 fl
416 4425 501 4476 quam
528 4424 637 4461 mecum
678 4402 753 4471 quod
780 4419 824 4456 me
854 4404 879 4458 G
904 4406 913 4470 ΙΙ
941 4409 981 4458 19.
1009 4403 1132 4473 repraesi
1161 4404 1197 4456 M
1220 4405 1229 4471 l
1257 4408 1299 4456 20.
1327 4417 1408 4469 posse
1436 4418 1470 4455 ec

172 4491 284 4546 posses
343 4479 360 4546 ¹,
382 4486 414 4534 ut
431 4481 487 4535 oid.
509 4477 642 4548 11111111
661 4478 670 4544 ΙΙ
693 4480 735 4528 11.
755 4473 914 4545 comarguit
931 4476 977 4541 M,
1002 4476 1073 4543 quod
1096 4476 1172 4528 tenui
1194 4474 1317 4542 0100111011
1339 4474 1470 4527 dubitans

180 4551 235 4617 (cs.
256 4550 384 4604 Heracus
404 4551 498 4605 ‘Ascla
518 4554 539 4616 s.
559 4551 606 4604 lat.
624 4545 780 4615 Lexicopr!
800 4545 840 4598 VI
855 4563 884 4613 p.
899 4548 971 4613 276),
995 4544 1124 4613 coarguit
1143 4544 1198 4599 GR
1216 4548 1225 4612 ΙΙ
1244 4550 1285 4598 23.
1306 4560 1339 4596 ac
1358 4546 1469 4597 tuorum

179 4620 229 4688 M,
247 4627 274 4675 ct
292 4621 333 4675 R¹
353 4639 387 4675 ec
406 4624 540 4689 actorum,
560 4621 611 4673 aut
628 4622 740 4672 tuorum
761 4616 786 4671 G
807 4618 879 4683 1116.
899 4615 1026 4670 homines
1045 4617 1082 4669 M
1096 4618 1105 4684 ΙΙ
1123 4614 1342 4739 ρο1111ὲρο11111
1360 4616 1401 4682 M,
1421 4632 1468 4684 po·

186 4690 247 4744 snit
266 4692 322 4746 GR
336 4695 345 4762 ΙΙ
359 4698 401 4747 ct.
421 4700 484 4748 ante
503 4691 557 4747 etsi
576 4697 591 4743 2
608 4693 658 4745 litt.
677 4693 747 4758 spat.
767 4689 798 4740 in
817 4688 857 4741 M.
878 4690 922 4740 cst
939 4689 1003 4741 cdd.
1023 4687 1176 4740 Lambinus
1189 4687 1198 4754 ll
1232 4686 1404 4755 eneficiaque
1423 4687 1470 4756 R,

184 4765 307 4816 naturae
326 4763 382 4818 GR
395 4766 404 4832 l
417 4763 541 4835 limavit]
561 4759 737 4815 limauitabit
755 4760 782 4810 a
801 4757 881 4826 (lima
900 4757 1004 4811 uitabit
1022 4759 1181 4812 rlisircnctim
1201 4757 1267 4827 GR)
1285 4760 1294 4827 ll
1315 4763 1357 4813 30.
1377 4757 1466 4812 isdem

189 4833 224 4901 G,
241 4841 267 4888 ct
287 4835 324 4887 M
327 4834 333 4867 ¹
352 4853 385 4889 ec·
404 4833 499 4904 iidem,
517 4833 628 4889 hisdem
647 4833 675 4887 11
