3286 5460
634 362 889 418 EPISTVLARVM
908 363 941 417 V.
961 368 985 418 8.
1006 368 1030 417 9.
1408 363 1468 426 101

190 528 355 593 amicitiae
377 532 523 612 nostrae,
553 527 732 593 sedetiam
756 528 958 593 constantiae
986 549 1084 592 causa
1111 529 1316 611 permanebo.
1359 549 1470 612 quam·

190 637 304 701 obrem
332 636 413 701 satis
441 657 512 700 esse
539 636 602 700 hoc
628 639 775 719 tempore
806 633 984 699 arbitratus
1013 658 1085 699 sum
1108 634 1171 700 hoc
1195 635 1234 699 ad
1259 639 1291 699 te
1314 633 1469 699 scribere:

191 767 253 826 me,
276 743 304 808 si
329 744 406 828 quid
429 743 498 827 ipse
517 742 741 826 intellegerem
760 745 817 805 aut
841 741 882 805 ad
910 741 1110 805 voluntatem
1129 744 1186 805 aut
1205 740 1244 804 ad
1265 740 1469 805 commodum

191 856 249 915 aut
272 851 313 914 ad
337 850 585 934 amplitudinem
609 854 698 913 tuam
716 846 888 932 pertinere,
915 870 986 911 mea
1009 853 1124 932 sponte
1148 848 1181 911 id
1204 869 1274 911 esse
1293 847 1469 930 facturum3

163 959 243 1022 asin
271 962 379 1022 autem
408 957 576 1042 quippiam
605 961 662 1020 aut
690 979 710 1020 a
737 961 769 1020 te
797 976 903 1020 essem
926 955 1111 1018 admonitus
1139 957 1196 1018 aut
1224 976 1242 1017 a
1270 954 1351 1037 tuis,
1378 954 1468 1017 effec-

190 1068 316 1148 turum,
343 1068 381 1128 ut
408 1062 615 1148 intellegeres
643 1062 726 1126 nihil
754 1083 857 1146 neque
886 1065 918 1125 tc
947 1060 1115 1144 scripsisse
1142 1083 1245 1144 neque
1274 1082 1466 1144 quemquam

190 1176 323 1234 tuorum
352 1168 474 1234 frustra
497 1168 538 1233 ad
561 1190 612 1232 me
643 1168 806 1233 detulisse.
848 1168 1059 1251 quamobrem
1086 1168 1183 1232 velim
1207 1167 1312 1232 itaet
1336 1167 1405 1251 ipse
1429 1168 1468 1231 acl

189 1300 241 1341 me
265 1277 390 1342 scribas
414 1277 453 1340 de
476 1276 637 1360 omnibus,
661 1275 804 1340 minimis
823 1274 974 1340 maximis
995 1274 1220 1356 mediocribus,
1244 1275 1349 1357 rebus,
1373 1278 1409 1338 ut
1429 1274 1469 1337 ad

189 1383 358 1447 hominem
381 1381 625 1465 amicissimum,
648 1387 681 1447 et
704 1381 770 1447 tuis
793 1381 988 1466 praecipies,
1011 1386 1048 1446 ut
1072 1402 1170 1465 opera
1192 1379 1338 1464 consilio,
1362 1385 1469 1446 aucto·

150 1492 288 1555 raritate
312 1489 420 1575 gretia
447 1510 519 1553 mea
541 1488 588 1553 sic
612 1493 748 1554 utantur
771 1489 805 1553 in
830 1489 995 1573 omnibus,
1024 1487 1164 1573 publicis
1187 1487 1338 1572 privatis,
1364 1487 1469 1552 foren-

190 1596 282 1660 sibus
306 1594 508 1678 domesticis,
531 1595 597 1660 tuis
621 1596 799 1659 amicorum
822 1594 990 1679 hospitum
1015 1593 1182 1659 clientium
1205 1598 1350 1677 tuorum,
1372 1615 1469 1679 nego-

190 1703 262 1786 tiis,
294 1707 344 1786 ut,
376 1703 463 1786 quod
491 1701 561 1767 eius
589 1701 659 1766 fieri
688 1701 806 1786 possit,
839 1702 1042 1786 praesentiae
1071 1706 1146 1766 tuae
1174 1701 1369 1765 desiderium
1396 1722 1468 1765 meo

188 1811 302 1874 labore
327 1809 500 1873 minuatur.

732 1966 788 2032 rx.
825 1966 928 2054 (aaa.)

149 2152 173 2189 a
466 2125 680 2194 varrurvs
704 2127 790 2191 rue.
815 2125 1027 2194 cresconi
1052 2128 1135 2195 svo
1160 2129 1192 2195 s.

278 2272 308 2337 S.
328 2295 356 2336 v.
376 2272 406 2335 b.
425 2294 450 2336 e.
471 2295 496 2335 e.
515 2294 544 2336 v.
581 2271 609 2335 si
637 2276 728 2335 tuam
759 2271 1026 2336 consuetudinem
1054 2272 1087 2336 in
1114 2272 1306 2356 patrociniis
1340 2273 1501 2337 tuendisl

188 2401 313 2462 servas,
342 2380 377 2443 P.
396 2377 550 2442 Vatinius
574 2377 675 2442 cliens
699 2378 845 2463 advenit,
872 2377 928 2463 qui
955 2402 1015 2463 pro
1043 2401 1077 2444 sc
1106 2401 1235 2444 causam
1265 2377 1364 2443 dicier
1387 2379 1469 2442 vult:

187 2509 267 2570 uon,
296 2491 390 2570 pute,
419 2485 605 2572 repudiabis
629 2484 822 2570 inhonore,
850 2508 945 2570 quem
972 2486 1007 2548 in
1034 2486 1178 2570 periculo
1207 2485 1368 2570 recepisti.
1408 2507 1469 2571 ego

189 2598 299 2658 autem
325 2614 421 2676 quem
449 2594 558 2677 potius
583 2592 735 2676 adoptem
763 2597 821 2657 aut
847 2592 997 2657 invocem
1021 2614 1119 2676 quam
1142 2593 1249 2679 illum,
1277 2615 1341 2676 quo
1365 2593 1469 2657 defen·
1545 2576 1552 2592 ’

141 2715 176 2754 20
189 2701 287 2764 dente
313 2700 439 2764 vincere
463 2699 583 2764 didici?
616 2721 657 2763 an
680 2722 803 2785 verear,
825 2721 875 2784 ne,
899 2699 955 2783 qui
977 2699 1281 2784 potentissimorum
1300 2700 1469 2764 hominum

188 2806 465 2891 conspirationem
492 2806 675 2891 neglexerit
697 2828 756 2891 pro
781 2827 852 2870 mea
876 2806 995 2888 salute,
1024 2806 1053 2870 is
1081 2829 1140 2891 pro
1168 2807 1291 2872 honore
1319 2829 1390 2871 meo
1413 2829 1469 2890 pu-

138 2938 159 2953 ·
186 2914 339 2978 sillorum
362 2936 399 2978 ac
422 2913 657 2978 malevolorum
687 2913 943 2996 optrectationes
968 2916 1000 2976 et
1023 2913 1161 2978 invidias
1190 2935 1256 2978 non
1282 2918 1469 2998 prosternat

184 3026 288 3105 atque
307 3020 460 3105 opterat?
493 3041 601 3104 quare,
624 3020 652 3084 si
670 3042 732 3105 me,
751 3020 835 3084 sicut
854 3020 949 3103 soles,
969 3042 1068 3104 amas,
1091 3020 1219 3114 suscipe
1238 3043 1342 3085 meme
1362 3024 1469 3085 totum

178 3132 287 3212 atque
311 3127 387 3211 hoc,
414 3126 568 3211 quicquid
592 3131 642 3192 est
666 3125 773 3190 oneris
797 3149 834 3191 ac
859 3126 1015 3210 muneris,
1042 3149 1103 3211 pro
1127 3149 1200 3192 mea
1222 3127 1384 3213 dignitate
1409 3126 1470 3191 tibi

138 3241 157 3278 '⁵
175 3233 347 3299 tuendum
377 3255 415 3298 ac
444 3233 669 3298 sustinendum
697 3237 785 3316 puta.
837 3232 900 3297 scis
933 3254 1038 3297 meam
1070 3233 1235 3298 fortunam
1267 3234 1377 3298 nescio
1406 3256 1470 3317 quo

165 3341 285 3407 modo
319 3339 415 3404 facile
447 3339 684 3423 obtrectatores
715 3339 876 3424 invenire,
907 3363 973 3404 non
1002 3362 1073 3405 meo
1107 3341 1237 3424 quidem
1270 3339 1469 3405 mehercules

165 3447 323 3529 merito,
346 3446 401 3509 sed
425 3446 539 3529 quanti
563 3446 595 3510 id
620 3445 732 3524 refert,
760 3446 787 3509 si
812 3449 920 3510 tamen
943 3445 1013 3511 fato
1036 3447 1147 3511 neseio
1171 3469 1235 3530 quo
1260 3447 1398 3511 accidit?
1440 3447 1466 3509 si

154 3555 240 3639 qui
276 3553 363 3616 forte
391 3551 504 3636 fuerit,
534 3553 590 3636 qui
617 3557 749 3617 nostrae
772 3553 925 3638 dignitati
953 3554 1067 3618 obesse
1095 3552 1187 3636 velit,
1215 3557 1291 3636 peto
1315 3573 1334 3616 a
1357 3538 1403 3634 te,
1430 3558 1468 3617 ut

151 3658 279 3727 tuam
314 3660 579 3724 consuetudinem
611 3664 645 3723 et
676 3658 908 3724 liberalitatem
941 3661 975 3724 in
1007 3683 1058 3724 me
1096 3660 1230 3724 absente
1267 3659 1466 3723 defendendo

143 3766 270 3832 tnihi
302 3770 455 3848 praestes.
500 3766 630 3830 litteras
658 3766 698 3829 ad
728 3771 876 3830 senatum
904 3767 942 3831 de
971 3767 1067 3831 rebus
1099 3766 1221 3831 nostris
1253 3766 1370 3851 gestis,
1402 3789 1466 3850 quo

140 3873 338 3957 exemplo
366 3871 530 3955 miseram,
563 3871 648 3936 infra
675 3872 736 3937 tibi
766 3873 949 3958 perscripsi.
994 3873 1114 3938 dicitur
1141 3874 1222 3938 mihi
1250 3877 1326 3938 tuus
1354 3891 1502 3937 servusa

138 3983 385 4065 anagnostes
409 3978 567 4064 fugitivus
592 4001 665 4044 curn
688 3979 842 4044 Vardaeis
866 4003 950 4065 esse3
973 3981 1011 4045 de
1032 4002 1095 4064 quo
1116 3985 1151 4044 tu
1171 3981 1252 4046 mihi
1274 3981 1357 4045 nihil
1380 4004 1467 4044 man·

138 4082 287 4166 (lasti,
312 4105 372 4166 ego
395 4089 519 4167 tamen,
543 4090 629 4150 terra
653 4087 799 4170 marique
822 4091 860 4151 ut
882 4087 1143 4171 conquireretur,
1167 4087 1409 4172 praemandavi,
1434 4091 1466 4150 et

176 4230 293 4239 x..‚-
305 4230 402 4236 -·--—.

277 4320 302 4366 4.
322 4329 386 4367 mea
403 4330 452 4368 mir.
472 4316 561 4382 1119.
583 4323 623 4369 10.
643 4315 737 4384 gratia
756 4315 925 4369 auctoritato
944 4317 1050 4383 111111.
1071 4317 1158 4386 quod]
1178 4315 1272 4384 quoad
1292 4317 1331 4383 sn
1345 4314 1404 4367 eius
1424 4316 1466 4381 M,

138 4390 177 4429 Q
189 4387 223 4440 is
246 4385 305 4439 GR
323 4389 332 4452 l
351 4400 412 4438 meo
432 4386 494 4453 GR,
513 4402 546 4439 eo
566 4388 603 4440 M
621 4390 630 4453 [l
654 4393 694 4440 15.
715 4390 920 4456 inscriptionem
940 4404 989 4441 ona.
1011 4388 1036 4442 G
1060 4390 1069 4455 ΙΙ
1094 4393 1125 4440 16
1140 4406 1176 4456 sp.
1197 4389 1229 4440 ‹lc
1248 4387 1354 4440 Vatinii
1372 4404 1466 4456 peracre

138 4455 298 4511 [timidi
317 4475 340 4509 r.
356 4457 379 4509 I.
396 4456 433 4509 Η.
449 4458 570 4511 ιδ’σΙυηαῖε
586 4476 629 4526 pr.
648 4477 738 4529 pyrra.
755 4460 923 4512 Marirrbea'm.
943 4477 969 4512 c.
986 4464 1063 4525 1881,
1083 4461 1115 4512 de
1133 4461 1211 4511 rebus
1229 4459 1309 4527 pestis
1324 4459 1357 4511 G.
1369 4457 1467 4526 Zippel

138 4515 222 4583 ‘d
244 4543 327 4581 roem.
348 4527 509 4590 Herrschutt
531 4531 562 4581 ire
585 4530 721 4599 lllyrien'
750 4531 827 4597 Lips.
849 4534 917 4582 1877
939 4548 966 4598 p.
982 4535 1080 4597 totsp.
1108 4535 1118 4594 ΙΙ
1147 4535 1187 4582 16.
1208 4547 1228 4582 s.
1249 4546 1274 4582 u.
1294 4528 1320 4581 b.
1341 4545 1363 4580 c.
1384 4546 1409 4580 n.
1430 4530 1466 4595 R,

138 4606 236 4653 01η,
260 4598 286 4650 G
300 4602 310 4665 ll
324 4603 365 4650 20.
385 4598 494 4652 uincere
514 4618 547 4653 er
565 4618 632 4654 corr.
654 4601 702 4668 R1,
723 4600 817 4654 uinces
838 4604 863 4655 G
882 4604 890 4666 ll
910 4606 951 4653 22.
971 4617 1026 4653 nen
1039 4632 1069 4638 -
1081 4605 1122 4652 24.
1143 4599 1264 4651 muneris
1284 4600 1329 4653 w
1348 4602 1376 4651 in
1397 4613 1459 4669 urps

138 4661 228 4723 22,
255 4670 430 4736 prosternast
453 4672 486 4723 M
512 4673 520 4736 ΙΙ
549 4677 591 4724 ⁶23.
616 4671 639 4723 si
663 4689 706 4724 rue
730 4690 779 4724 orn.
802 4674 827 4726 G
850 4675 858 4737 ΙΙ
882 4688 972 4723 meme
991 4672 1037 4736 M,
1062 4687 1107 4722 me
1128 4670 1182 4724 Glt
1209 4674 1218 4737 11
1246 4676 1288 4725 24.
1314 4670 1405 4723 oneris
1426 4673 1466 4738 M,

138 4722 304 4794 honoris
328 4740 382 4794 GR
408 4743 417 4806 l
445 4747 487 4794 25.
512 4741 704 4794 sustinendum
731 4743 797 4806 GR,
825 4742 1025 4796 subtinendunr
1045 4742 1081 4792 M
1105 4744 1113 4809 ΙΙ
1140 4747 1182 4795 ⁶26.
1206 4741 1364 4795 mehercule
1389 4743 1467 4800 Gltl

141 4804 231 4866 517.
247 4815 290 4864 28.
311 4809 335 4862 si
354 4810 416 4879 quis
431 4829 446 4869 ς
460 4817 470 4879 fl
484 4818 525 4866 30.
545 4830 600 4880 quo
615 4815 651 4879 11,
670 4813 745 4881 quod
761 4815 899 4880 1161132,
916 4815 1085 4881 anagnostes
1101 4814 1142 4880 M,
1162 4816 1227 4866 ante
1246 4830 1334 4867 annos
1351 4813 1395 4868 lll.
1413 4815 1467 4870 Glt
