3286 5460
578 363 835 420 EPISTVLARVM
853 363 886 419 x.
907 368 948 420 ro.
970 370 1010 420 11.
1031 369 1072 419 ra.
1400 364 1462 429 251

189 525 424 613 Allobrogibus
453 527 603 612 constiti,
630 531 668 593 ut
695 527 830 612 proinde
858 528 898 593 ed
926 527 1035 593 omnia
1061 531 1195 613 paratus
1224 549 1330 595 essem
1352 550 1390 593 ac
1413 549 1465 593 res

188 657 238 699 me
267 638 422 700 moneret.
468 635 496 698 si
523 635 629 699 nudus
656 634 719 700 boc
747 656 781 699 se
804 633 968 700 Antonius
997 634 1136 719 confert,
1164 633 1261 700 facile
1285 635 1330 699 mi
1354 634 1465 699 videor

187 764 245 826 per
272 763 323 806 me
352 740 513 807 sustinere
540 764 636 825 posse
666 763 798 826 remque
826 742 991 826 publicam
1019 765 1058 806 ex
1085 746 1195 806 vestra
1222 741 1386 806 sententia
1413 742 1465 806 ad·

187 846 383 932 ministrare,
406 848 554 934 quamvis
578 849 619 913 ab
640 846 784 913 exercitu
802 847 917 933 Lepidi
936 848 1127 934 recipiatur3
1149 847 1178 913 si
1202 870 1278 914 vero
1298 846 1464 932 copiarum

164 955 312 1040 saliquid
344 977 453 1021 secum
487 955 624 1021 adducet
650 960 685 1021 et
712 955 740 1020 si
768 954 892 1021 decima
919 956 1006 1041 legio
1039 959 1204 1040 veterana,
1237 976 1319 1039 quae
1352 958 1465 1019 nostra

189 1083 287 1147 opera
304 1066 457 1127 revocata
475 1083 548 1126 cum
567 1061 701 1147 reliquis
720 1066 779 1146 est,
803 1062 842 1126 ad
862 1062 998 1127 eundem
1019 1063 1162 1128 furorem
1182 1061 1324 1145 redierit,
1347 1065 1466 1144 tamen,

189 1190 228 1234 ne
251 1168 328 1255 quid
346 1167 536 1234 detrimenti
554 1170 620 1254 fiat,
644 1168 774 1236 dabitur
798 1190 897 1254 opera
916 1191 934 1233 a
953 1191 1013 1252 me,
1036 1169 1133 1254 idque
1152 1191 1203 1235 me
1223 1172 1465 1253 praestaturum

190 1298 294 1360 spero,
316 1275 394 1340 dum
413 1275 512 1341 istinc
531 1276 642 1362 copiae
661 1276 855 1341 traiciantur
873 1276 1127 1361 coniunctaeque
1148 1276 1319 1341 nobiscum
1338 1274 1465 1340 facilius

191 1382 332 1465 perditos
360 1383 557 1468 opprimant.
602 1384 664 1450 hoc
691 1383 752 1448 tibi
781 1383 938 1466 spondeo,
966 1382 1011 1446 mi
1035 1380 1163 1468 (licere,
1189 1404 1293 1467 neque
1321 1383 1500 1448 animuma

155 1513 179 1552 ro
191 1510 249 1554 nec
271 1488 476 1574 diligentiam
495 1490 576 1555 mihi
594 1490 787 1555 defuturam.
827 1489 923 1574 cupio
942 1490 1142 1556 mehercules
1161 1489 1284 1554 nullam
1303 1489 1466 1555 residuam

192 1593 445 1661 sollicitudinem
467 1618 552 1682 esse3
576 1598 640 1681 sed,
664 1598 690 1661 si
714 1595 824 1681 fuerit,
844 1617 904 1661 nec
928 1595 1036 1662 animo
1059 1619 1118 1662 neo
1142 1595 1385 1662 benevolentiae
1408 1619 1466 1663 neo

191 1703 367 1787 patientiae
391 1703 582 1788 cuiusquam
605 1725 665 1790 pro
688 1703 783 1768 vobis
802 1703 921 1768 cedam.
963 1704 1003 1767 do
1028 1703 1157 1788 quidem
1182 1725 1242 1789 ego
1266 1725 1407 1789 operam,
1429 1709 1467 1769 ut

192 1811 291 1875 etiam
314 1809 472 1894 Lepidum
495 1811 535 1874 ad
557 1810 654 1876 huius
677 1809 724 1874 rei
748 1810 938 1876 societatem
962 1809 1103 1889 incitem,
1128 1811 1300 1894 omniaque
1324 1810 1353 1874 ei
1378 1832 1468 1895 opse

193 1917 268 2001 quia
299 1916 471 2002 polliceor,
503 1917 531 1982 si
563 1917 660 1983 modo
692 1940 761 1983 rem
790 1941 820 2001 p.
850 1917 1009 2002 respicere
1042 1918 1143 2001 volet3
1176 1920 1251 1982 utor
1282 1917 1315 1981 in
1343 1917 1404 1982 hac
1432 1940 1466 1982 re

157 2044 180 2085 u
192 2024 394 2090 adiutoribus
431 2024 728 2109 interpretibusque
765 2023 867 2088 fratre
900 2045 973 2089 meo
1006 2026 1039 2088 et
1072 2023 1247 2088 Laterense
1280 2028 1313 2088 et
1345 2022 1466 2088 Furnio

192 2135 320 2216 nostro3
342 2152 408 2196 non
432 2153 482 2195 me
506 2130 672 2215 inpedient
690 2130 836 2215 privatae
856 2129 1059 2214 offensiones,
1082 2152 1146 2215 quo
1166 2131 1272 2195 minus
1291 2152 1352 2215 pro
1370 2131 1418 2196 rei
1437 2156 1467 2216 p.

194 2238 297 2303 salute
320 2237 420 2303 etiam
444 2260 517 2302 oum
540 2237 767 2302 inimicissimo
787 2237 1002 2304 consentiam:
1027 2237 1112 2321 quod
1136 2237 1164 2302 si
1187 2237 1269 2302 nihil
1292 2237 1470 2323 profecero,

193 2344 295 2410 m'hilo
328 2345 436 2409 minus
473 2344 615 2410 maximo
648 2367 720 2409 sum
752 2345 861 2410 animo
894 2348 928 2409 et
960 2345 1081 2409 maiore
1118 2343 1259 2408 fortasse
1292 2366 1366 2409 cum
1399 2368 1470 2410 mea

194 2449 298 2536 gloria
320 2451 414 2516 vobis
439 2451 520 2516 satis
544 2451 670 2517 faciam.
716 2451 768 2516 fac
791 2452 899 2516 valeas
923 2473 1038 2535 meque
1062 2455 1176 2516 mutuo
1200 2450 1327 2536 diligas.

146 2704 182 2766 ¹20
725 2682 798 2747 xri.
833 2680 939 2768 (arr.)

648 2841 809 2909 crosso
834 2840 1018 2908 suunoo.

282 2985 358 3050 Etsi
386 2987 485 3070 reip.
514 3008 611 3051 causa
639 2987 778 3050 maxime
807 2985 946 3069 gaudere
978 2985 1078 3050 debeo
1107 2989 1236 3050 tentum
1265 2986 1294 3049 ei
1322 2989 1354 3050 te
1383 3004 1505 3071 prae-1

196 3091 283 3176 sidii,
311 3096 440 3157 tantum
468 3092 539 3177 opis
568 3093 719 3158 attulisse
744 3092 896 3157 extremis
920 3114 1020 3176 paene
1044 3093 1261 3176 temporibus,
1291 3098 1402 3157 tamen
1425 3094 1473 3158 ita

198 3201 229 3262 te
252 3199 410 3263 victorem
437 3200 636 3284 complectar
659 3223 693 3264 re
717 3223 746 3283 p.
770 3202 974 3283 recuperata,
1002 3202 1039 3263 ut
1066 3220 1218 3285 magnam
1241 3202 1368 3283 partem
1392 3198 1472 3263 mihi

160 3325 184 3364 rs
197 3305 342 3369 laetitiae
365 3311 422 3371 tua
441 3306 584 3391 dignitas
604 3306 718 3390 adfert,
742 3328 838 3391 quam
863 3311 896 3370 et
919 3327 989 3370 esse
1013 3306 1078 3370 iam
1098 3311 1131 3370 et
1150 3306 1295 3371 futuram
1314 3306 1473 3391 amplissi-

197 3434 283 3476 mam
312 3412 483 3498 intelleg03
515 3435 592 3478 cave
620 3413 706 3477 enim
734 3417 829 3497 putes
857 3411 942 3477 ullas
975 3435 1129 3496 umquam
1157 3413 1284 3478 litteras
1312 3414 1472 3498 gratiores

198 3540 294 3601 quam
319 3522 392 3583 tuas
416 3520 450 3583 in
474 3525 588 3584 senatu
612 3542 682 3585 esse
706 3520 875 3603 recitatas,
899 3519 994 3604 idque
1019 3520 1160 3605 contigit
1185 3542 1257 3584 cum
1280 3519 1472 3603 meritorum

197 3629 328 3689 tuorum
351 3625 383 3689 in
409 3648 477 3691 rem
500 3650 530 3710 p.
554 3627 673 3691 eximia
696 3628 835 3710 quadarn
857 3625 1091 3712 magnitudine,
1114 3631 1184 3691 tum
1208 3626 1380 3690 verborum
1405 3649 1473 3691 sen-

198 3732 437 3818 tentiarumque
461 3733 632 3818 gravitate.
679 3733 765 3817 quod
789 3733 871 3798 mihi
895 3732 1024 3816 quidem
1049 3732 1181 3797 minime
1204 3755 1338 3817 novum,
1362 3733 1474 3815 quiet

160 3858 185 3897 ³⁰
198 3843 229 3904 te
252 3861 382 3904 nossem
406 3844 439 3904 et
463 3844 592 3903 tuarum
617 3839 802 3904 litterarum
830 3840 870 3903 ad
898 3862 949 3904 me
977 3839 1149 3903 missarum
1180 3840 1341 3923 promissa
1364 3839 1473 3904 memi-

198 3946 317 4011 nissem
345 3950 379 4010 et
405 3947 557 4012 haberem
587 3969 606 4011 a
629 3945 751 4011 Furnio
779 3950 893 4011 nostro
922 3951 979 4010 tua
1007 3946 1137 4030 penitus
1166 3946 1303 4011 consilia
1333 3946 1474 4032 cognita,

197 4053 251 4117 sed
276 4053 402 4117 senatui
431 4054 555 4118 maiora
578 4053 647 4118 visa
671 4057 762 4137 sunt,
791 4075 888 4137 quam
912 4058 1005 4117 erant
1028 4058 1212 4137 expectata,
1242 4077 1307 4118 non
1331 4076 1394 4138 quo
1419 4077 1474 4117 un·

199 4179 341 4186 ———.-
366 4180 408 4185 -.-

287 4251 310 4300 1.
331 4244 446 4299 constiti
467 4246 539 4313 MD,
563 4245 711 4300 constituti
730 4248 767 4300 M
785 4249 795 4315 ll
818 4253 842 4301 t.
862 4263 906 4300 me
925 4249 1050 4301 moneret
1069 4248 1115 4315 M,
1142 4250 1268 4302 moneret
1286 4263 1330 4300 me
1350 4248 1393 4313 H,
1417 4264 1474 4300 mo-

198 4318 276 4371 neret
289 4317 320 4371 D
333 4324 473 4386 potestque
492 4333 535 4370 me
554 4336 578 4372 u.
597 4320 685 4372 careri
698 4321 707 4387 ΙΙ
722 4318 774 4371 hoc
789 4320 830 4383 M,
849 4318 904 4371 huc
919 4319 987 4374 HD.
1006 4320 1041 4385 cs.
1057 4319 1237 4389 Eupclbrecbt
1257 4319 1338 4373 ‘stud
1357 4319 1472 4372 Terent’

197 4405 223 4455 p.
239 4393 273 4441 70
295 4391 305 4457 ll
327 4387 447 4457 confert]
471 4390 505 4454 cs.
526 4389 668 4443 Lehmann
684 4407 712 4458 p.
729 4394 809 4458 88sp.
832 4392 842 4458 ΙΙ
865 4388 904 4442 mi
927 4391 973 4458 M,
999 4408 1049 4445 om.
1073 4390 1135 4445 HD
1161 4393 1170 4459 ΙΙ
1198 4395 1222 4444 ὁ.
1247 4389 1354 4457 aliquid
1382 4406 1476 4443 secum

200 4459 321 4513 adducet
339 4460 385 4526 M,
410 4457 445 4512 al.
465 4459 521 4512 huc
539 4459 603 4514 add.
623 4461 666 4527 D,
689 4460 724 4514 al.
745 4460 810 4515 add.
830 4461 863 4513 H
883 4464 892 4527 ΙΙ
915 4460 986 4515 etsi
1005 4461 1064 4533 cet]
1089 4463 1123 4528 cs.
1143 4463 1179 4517 E.
1195 4462 1344 4531 llitlcrlinp
1365 4461 1408 4515 ‘de
1427 4463 1474 4531 lep.

200 4530 275 4585 Rern.
296 4529 321 4583 X
339 4531 416 4600 pem?
438 4533 514 4598 (diss.
534 4532 612 4599 Lipa
632 4533 712 4601 1885)
726 4550 756 4601 p.
772 4539 789 4586 4
808 4535 819 4602 ΙΙ
840 4537 863 4586 7.
883 4534 931 4586 alt.
951 4549 994 4586 me
1013 4550 1062 4587 om.
1083 4534 1117 4586 Η
1120 4532 1127 4566 ¹
1150 4535 1160 4601 ΙΙ
1183 4539 1224 4587 10.
1244 4549 1334 4601 neque
1354 4531 1402 4587 dil.
1423 4531 1469 4618 Ml

201 4602 240 4656 lt.
267 4601 385 4655 caedem
409 4602 446 4656 M
469 4603 478 4682 l
507 4608 548 4655 13.
570 4608 611 4658 14.
638 4603 773 4672 obsequia
800 4622 834 4659 erc
861 4603 997 4673 opsequio
1019 4603 1066 4658 Ml
1093 4607 1102 4673 ΙΙ
1131 4610 1171 4658 15.
1199 4603 1399 4673 interpretibus
1423 4603 1469 4660 Hr

200 4672 289 4726 furnio
309 4672 383 4739 HD,
410 4672 496 4727 furtro
516 4674 552 4727 M
567 4676 576 4741 ll
596 4679 636 4729 19.
655 4673 736 4728 vobis
755 4693 805 4729 om.
826 4676 855 4727 ll
873 4678 882 4743 ΙΙ
902 4681 942 4729 24,
964 4674 1119 4744 amplectar
1138 4676 1254 4745 111125.
1276 4675 1369 4729 adfert
1388 4673 1476 4743 M¹D,

200 4743 311 4798 adferat
333 4745 427 4798 M0H.
459 4751 604 4813 utruurpue
627 4748 727 4801 bouum
753 4749 763 4814 l
790 4751 832 4801 26.
856 4749 940 4816 putas
964 4747 1026 4800 HD
1051 4749 1061 4816 ΙΙ
1088 4746 1237 4818 gratiores]
1261 4745 1406 4819 grauiores
1428 4748 1476 4818 ΨΗ

200 4820 239 4869 32.
260 4816 420 4887 expectata]
440 4819 569 4885 spectata
591 4819 621 4868 Ψ
