3314 5460
555 394 812 450 nummularis
830 394 904 450 Vlll.
926 400 966 449 10.
988 401 1028 449 11.
1367 391 1431 456 201

145 564 313 626 conficere
332 582 438 646 posse,
460 560 525 646 qui,
549 582 630 643 quae
650 560 795 644 cupiunt,
817 563 926 623 tamen
949 558 998 623 ita
1020 557 1139 643 frigide
1158 561 1269 645 agunt,
1293 560 1330 621 ut
1347 557 1434 620 nolle

143 669 406 733 existimentur?
438 667 531 732 novis
550 666 799 753 magistratibus
823 671 941 748 autem,
965 667 993 730 si
1013 664 1203 730 Parthicum
1221 665 1345 729 bellum
1363 663 1435 745 erit,

142 776 234 840 baec
256 796 360 839 'causa
391 773 515 859 primos
545 795 672 839 menses
705 774 893 857 occupabit3
926 774 977 837 sin
1008 774 1096 857 †aut
1124 772 1168 837 sit
1196 778 1253 836 aut
1279 794 1346 836 non
1373 771 1435 836 erit

146 883 231 947 istic
256 881 378 946 bellum
402 885 459 946 aut
481 885 611 946 tantum
635 881 711 965 erit,
734 884 771 945 ut
794 902 852 945 vos
876 886 933 945 aut
957 901 1158 946 successores
1183 880 1291 964 parvis
1316 878 1434 943 additis

96 1033 105 1054 .
144 988 260 1073 copiis
288 989 450 1054 sustinere
478 989 620 1073 possint,
652 986 826 1053 Curionem
855 988 946 1053 video
970 1009 1004 1052 se
1028 987 1201 1072 dupliciter
1224 987 1435 1051 iactaturum:

140 1097 307 1181 primum,
325 1099 362 1159 ut
381 1096 503 1180 aliquid
519 1095 650 1162 Caesari
671 1094 807 1179 adimat3
830 1094 913 1178 inde,
932 1099 970 1159 ut
988 1094 1111 1179 aliquid
1125 1093 1280 1179 Pompeio
1300 1093 1435 1176 tribuat,

144 1202 294 1286 quodvis
319 1203 497 1287 quamlibet
521 1208 618 1267 tenue
642 1201 879 1266 munusculum.
925 1201 1058 1266 Paullus
1082 1223 1180 1286 porro
1203 1223 1269 1266 non
1292 1199 1433 1264 humane
1465 1249 1468 1255 .

142 1310 192 1373 de
213 1310 382 1392 provincia
400 1309 565 1394 loquitura
578 1309 675 1374 huius
695 1309 866 1394 cupiditati
887 1330 1078 1373 occursurus
1093 1313 1144 1373 est
1158 1308 1295 1373 Furnius
1310 1312 1435 1390 noster,

141 1415 260 1500 pluris
285 1415 445 1499 suspicari
472 1438 537 1480 non
565 1438 708 1500 possum.
754 1414 833 1480 haec
861 1415 950 1480 novi:
978 1416 1056 1499 alia,
1084 1438 1166 1500 quae
1194 1419 1333 1499 possunt
1356 1414 1471 1480 acci-4

96 1555 111 1591 ,ι
143 1524 241 1606 dere,
264 1545 331 1587 non
354 1545 458 1588 cerno.
502 1523 604 1586 multa
627 1526 757 1607 tempus
782 1521 906 1586 adferre
930 1531 964 1586 et
986 1523 1180 1607 praeparata
1203 1528 1330 1587 mutare
1354 1521 1436 1604 scio,

142 1631 211 1696 sed
240 1631 330 1695 intra
356 1630 430 1695 finis
453 1631 528 1714 hos,
558 1652 781 1719 quaecumque
805 1629 994 1714 acciderint,
1024 1634 1201 1695 vertentur.
1246 1630 1326 1694 illud
1354 1628 1436 1693 addo

143 1738 195 1802 ad
217 1737 364 1802 actiones
384 1737 417 1803 C.
434 1735 594 1822 Curionis,
617 1739 656 1802 de
679 1759 759 1822 agro
779 1735 959 1821 (lampan03
983 1739 1022 1803 de
1042 1760 1106 1822 quo
1125 1741 1247 1823 negant
1266 1734 1437 1801 Caesarem

142 1846 323 1927 laborare,
350 1845 405 1909 sed
430 1844 621 1929 Pompeium
645 1845 737 1909 valde
761 1844 860 1928 nolle,
888 1867 928 1908 ne
952 1867 1073 1909 vacuus
1097 1844 1281 1909 advenienti
1301 1826 1436 1909 'Caesari

144 1955 280 2036 pateat.
327 1952 412 2036 quod
441 1952 481 2015 ad
509 1957 601 2016 tuum
633 1952 801 2016 decessum
833 1951 965 2036 attinet,
997 1951 1077 2016 illud
1111 1951 1172 2015 tibi
1204 1972 1272 2015 non
1303 1966 1471 2034 pessuma

96 2083 120 2123 5
146 2058 320 2144 polliceri,
350 2081 400 2122 me
429 2063 630 2143 curaturum,
658 2062 695 2123 ut
718 2058 780 2122 tibi
804 2059 1008 2143 succedatur,
1036 2057 1115 2122 illud
1145 2063 1232 2123 certe
1255 2058 1439 2142 praestabo,

146 2189 196 2230 ne
217 2166 360 2250 amplius
379 2171 581 2252 prorogetur.
622 2167 670 2230 tui
691 2166 819 2231 consilii
838 2171 898 2248 est,
921 2167 949 2231 si
974 2171 1113 2250 tempus,
1136 2165 1164 2229 si
1184 2168 1315 2229 senatus
1335 2168 1441 2249 coget,

147 2273 185 2337 si
214 2273 354 2338 honeste
382 2295 401 2336 a
429 2273 524 2337 nobis
552 2274 694 2338 recusari
722 2296 786 2338 non
815 2274 951 2359 poterit,
979 2274 1101 2339 velisne
1129 2294 1348 2358 perseverare:
1377 2271 1440 2335 mei

150 2380 260 2445 officii
291 2384 341 2444 est
370 2380 569 2465 meminisse,
598 2402 662 2466 qua
690 2379 909 2445 obtestatione
938 2382 1093 2447 decedens
1122 2379 1216 2463 mihi,
1244 2401 1284 2443 ne
1312 2382 1442 2463 paterer

150 2488 244 2572 fleri,
268 2487 441 2552 mandaris.

96 2683 131 2720 κ.
705 2666 760 2733 xl.
793 2665 896 2753 (127.)

559 2824 750 2891 cunnus
775 2826 985 2893 ciouaoul
1011 2826 1042 2892 s.

249 2985 327 3051 Non
350 2988 414 3070 diu,
438 2987 494 3051 sed
518 2986 637 3052 acriter
659 3010 719 3052 nos
744 2993 818 3052 tuae
842 2988 1096 3072 supplicationes
1121 2991 1301 3070 torserunt,
1325 2987 1473 3052 incide-1

151 3113 272 3158 ramus
296 3093 440 3157 enimin
463 3093 630 3159 difficilem
649 3095 783 3159 nodum:
806 3118 883 3158 nam
903 3094 1011 3178 Curio,
1034 3094 1084 3158 tui
1104 3094 1342 3179 cupidissimus,
1366 3095 1442 3178 quoi

150 3201 314 3265 omnibus
343 3199 525 3265 rationibus
553 3201 736 3266 comitiales
765 3202 1000 3285 eripiebantur,
1030 3203 1173 3287 negabat
1197 3224 1231 3266 se
1255 3202 1322 3266 ullo
1347 3202 1443 3266 modo

96 3316 125 3357 ’ὁ
147 3307 230 3389 pati
258 3328 356 3392 posse
385 3308 512 3372 decerni
546 3309 814 3393 supplicationes,
846 3331 899 3393 ne,
933 3310 1017 3391 quod
1046 3309 1155 3373 furore
1184 3307 1278 3373 Pauli
1307 3309 1443 3392 adeptus

149 3416 249 3478 esset
281 3413 374 3497 boni,
408 3436 466 3478 sua
496 3414 591 3499 culpa
621 3415 785 3479 videretur
816 3415 964 3480 amisisse
992 3421 1026 3480 et
1055 3416 1295 3499 praevaricator
1327 3438 1443 3480 causae

151 3519 314 3602 publicae
342 3519 598 3606 existimaretur3
627 3523 737 3606 itaque
766 3523 805 3586 ad
835 3522 1019 3606 pactionem
1043 3521 1280 3604 descendimus,
1308 3526 1341 3586 et
1369 3543 1443 3586 con·

151 3628 338 3692 firmarunt
375 3627 523 3692 consules
557 3650 591 3692 se
626 3629 675 3693 bis
713 3628 1007 3713 supplicationibus
1040 3630 1074 3692 in
1105 3629 1191 3693 hunc
1225 3651 1345 3693 annum
1378 3651 1444 3694 non

153 3754 290 3799 usuros.
337 3735 446 3818 plane,
475 3736 560 3820 quod
583 3737 731 3821 utrisque
756 3737 943 3801 consulibus
971 3735 1095 3821 gratias
1124 3757 1217 3821 agas,
1245 3739 1310 3820 est3
1339 3734 1441 3799 Paulo

256 3936 278 3982 1.
298 3927 347 3996 qni
365 3930 450 3997 quae}
470 3929 574 3997 quique
593 3931 630 3983 M
639 3933 648 3995 11
663 3931 764 4001 agunt]
783 3930 864 3984 aiunt
883 3931 920 3983 M
928 3933 938 3999 11
959 3937 983 3984 2.
1003 3930 1096 4000 novis]
1116 3928 1197 3984 nobis
1213 3929 1305 3998 Μ113.
1326 3945 1444 3997 occupa·

150 4000 255 4055 uitas
265 4005 275 4065 1
289 3998 332 4052 sin
347 4003 442 4053 autem
461 4002 511 4053 aut
530 4018 584 4055 non
600 4001 654 4055 erit
668 4019 692 4069 ς,
713 4001 756 4055 sin
770 4004 889 4055 autnon
904 4001 957 4055 erit
972 4003 1069 4057 Baiter
1082 4005 1092 4072 1
1106 4008 1129 4056 4.
1146 4004 1196 4054 aut
1209 4001 1332 4071 tantum]
1351 4003 1446 4053 autem

151 4071 224 4125 tum
247 4073 343 4137 11115,
362 4069 531 4125 iastaturum
551 4074 587 4126 M
597 4077 607 4139 11
622 4079 644 4126 7.
665 4072 777 4141 quiduis
797 4075 834 4126 M
843 4076 852 4140 11
866 4073 1047 4127 munuculum
1067 4074 1104 4127 M
1114 4077 1123 4140 1
1144 4080 1167 4126 9.
1187 4073 1313 4141 possum]
1332 4088 1446 4140 possum

152 4137 235 4197 baec
253 4141 321 4196 noui
340 4141 454 4209 aliquae
471 4160 585 4214 possum
605 4145 646 4211 M,
665 4161 779 4213 possum
796 4177 825 4183 -
843 4144 955 4212 aliquae
974 4164 1034 4213 exp.
1055 4146 1103 4197 Mr
1116 4146 1125 4211 11
1140 4150 1163 4198 9.
1185 4150 1226 4198 10.
1245 4142 1372 4196 occidere
1393 4143 1428 4195 M
1445 4156 1447 4162 ·

157 4220 206 4269 10.
222 4215 334 4266 mutare
348 4213 405 4267 scio
423 4214 450 4268 0.
463 4213 498 4268 F.
510 4215 654 4269 Hermann
669 4218 746 4283 (mir-s.
762 4217 849 4271 Rhea
860 4216 885 4268 V
896 4236 925 4285 p.
941 4221 1013 4284 6171,
1027 4215 1119 4269 multa
1132 4215 1221 4269 rescio
1232 4216 1268 4268 M
1279 4218 1288 4282 1
1304 4221 1343 4267 11.
1355 4216 1445 4267 uerte-

155 4287 262 4338 rentur
281 4285 318 4338 M
336 4286 346 4352 1
369 4291 410 4338 13.
431 4284 518 4355 nolle]
538 4285 602 4340 nole
621 4288 661 4340 M.
687 4286 759 4340 velle
779 4289 839 4354 ulii,
857 4290 920 4353 fort.
939 4295 1015 4342 recte.
1042 4295 1157 4342 ceterum
1176 4288 1210 4353 cs.
1226 4287 1329 4340 Becher
1344 4304 1373 4353 p.
1389 4288 1441 4351 ⁸21!

163 4361 207 4410 15.
227 4354 298 4409 illuc
315 4357 391 4410 carte
411 4356 446 4408 M
457 4359 466 4424 1
486 4361 526 4411 16,
547 4357 681 4427 amplius]
700 4361 811 4427 tempus
830 4360 966 4429 Pluypcrs
985 4362 1010 4427 (1
1028 4378 1057 4427 p.
1073 4362 1136 4427 271)
1154 4361 1163 4426 11
1182 4360 1226 4411 est
1244 4356 1280 4427 si]
1301 4358 1330 4409 et
1348 4355 1372 4408 si
1392 4356 1428 4408 M

161 4427 277 4496 tempus
297 4425 391 4498 <feret
431 4428 503 4482 Boot
521 4430 598 4496 (obs,
619 4431 690 4483 crit’
709 4449 737 4498 p.
755 4431 798 4498 18)
816 4432 826 4497 11
850 4436 891 4484 11.
911 4429 977 4498 mei]
998 4432 1053 4496 me:
1075 4430 1112 4483 M
1131 4435 1140 4496 11
1164 4435 1205 4483 18.
1228 4427 1385 4481 decendens
1404 4429 1443 4482 M.

164 4497 313 4552 discedens
328 4500 381 4553 ulii
416 4504 459 4554 23.
471 4498 585 4553 difficile
594 4501 628 4554 M
640 4503 650 4569 11
664 4517 725 4570 cup.
736 4499 785 4568 qui
794 4502 829 4554 M
840 4505 849 4569 1
863 4507 904 4555 24.
916 4500 1073 4554 comitiales
1084 4500 1186 4572 (dies)
1200 4500 1368 4568 ll'rseuberp,
1382 4498 1446 4566 sort.

168 4576 234 4624 reste
247 4573 256 4639 1
270 4568 430 4639 eripiantur
446 4570 590 4640 negabant
610 4572 721 4641 1111115.
741 4571 809 4640 quid
828 4574 865 4626 M
875 4577 884 4642 11
899 4572 1030 4641 adeptus]
1051 4572 1200 4640 ademptus
1216 4572 1255 4625 M.
1283 4570 1447 4639 ademptum

168 4657 227 4695 cum
254 4643 321 4696 aliis
344 4642 495 4696 Βηιηιαηη
523 4644 559 4711 (t.
579 4644 614 4697 It.
634 4643 672 4696 VI
690 4662 717 4712 p.
734 4649 798 4712 161,
818 4649 863 4710 35)
893 4652 917 4698 et
945 4644 979 4698 F.
997 4643 1143 4710 Hofmann
1171 4644 1232 4712 (‘dc
1255 4645 1323 4713 orip.
1348 4644 1372 4696 b.
1396 4644 1446 4696 cio.

175 4713 254 4767 Coea’
276 4717 357 4782 1256
380 4714 457 4782 uda.)
485 4715 494 4780 1
526 4720 567 4769 ⁶26.
592 4713 747 4783 amississe,
772 4733 816 4784 pr.
837 4735 849 4767 s
868 4734 960 4782 erasa,
985 4716 1022 4768 M
1046 4721 1055 4780 11
1082 4720 1125 4769 28.
1149 4713 1278 4768 consules
1301 4714 1342 4783 se]
1370 4715 1446 4768 coiis.

175 4798 228 4837 csse
247 4784 285 4836 M
294 4787 304 4851 1
317 4783 376 4853 his]
396 4784 475 4837 novis
494 4787 534 4839 cel
553 4784 617 4839 aliis
637 4789 739 4841 conieci
758 4805 823 4842 anri.
839 4789 909 4856 phil.
930 4790 999 4840 1886
1014 4805 1044 4855 p.
1059 4791 1100 4840 66.
1135 4787 1169 4853 cs.
1189 4793 1279 4841 toraca
1298 4785 1449 4841 Mommsen

176 4854 311 4910 ‘Stantem'
331 4854 372 4908 ΠΙ
390 4873 416 4924 p.
432 4860 540 4924 1062st
