3286 5460
201 367 243 430 68
650 367 686 421 Μ.
706 366 812 421 TVLLI
831 366 1020 422 CICERONIS

201 530 285 614 quod
317 529 379 594 tibi
411 529 553 614 obesset,
584 529 703 614 facere,
736 531 764 595 si
792 532 890 615 clam,
923 531 1029 616 magis
1062 534 1172 615 aperte
1204 530 1357 596 inimicus
1386 532 1478 596 esse?

201 635 287 720 quod
310 637 338 700 si
361 658 465 701 essem
488 658 526 702 ea
548 636 695 721 perfidia,
720 659 785 721 qua
808 641 885 702 sunt
907 638 950 722 ei,
975 636 1031 721 qui
1054 637 1088 701 in
1110 658 1170 702 nos
1193 637 1274 703 haec
1297 637 1478 720 conferunt,

201 746 309 807 tamen
328 765 366 807 ea
385 742 529 807 stultitia
547 747 633 809 certe
652 765 718 807 non
741 742 885 826 fuissem,
908 747 946 808 ut
965 743 1075 807 autin
1094 742 1233 810 obscuro
1253 744 1328 808 odio
1348 749 1477 828 apertas

200 849 387 914 inimicitias
421 854 491 934 aut,
524 850 559 914 in
586 873 649 935 quo
677 850 740 913 tibi
770 849 852 914 nihil
885 872 1050 934 nocerem,
1082 871 1242 914 summam
1275 851 1477 916 ostenderem

200 956 399 1020 voluntatem
429 956 574 1021 nocendi.
617 957 656 1020 ad
684 978 736 1020 me
768 956 857 1021 adire
889 957 1045 1041 quosdam
1078 955 1225 1041 memini,
1255 957 1413 1022 nimirum
1441 980 1478 1022 ex
1504 978 1515 1015 ⁵

199 1061 361 1146 Epicteto,
381 1063 437 1146 qui
452 1063 597 1127 dicerent
616 1063 713 1128 nimis
732 1084 870 1148 magnos
890 1068 1041 1148 sumptus
1060 1063 1178 1148 legatis
1194 1064 1336 1129 decerni:
1360 1063 1479 1149 quibus

198 1190 259 1253 ego
282 1190 348 1233 non
371 1171 438 1231 tam
462 1168 619 1252 imperavi
644 1191 740 1252 quam
765 1169 874 1234 censui
898 1173 1049 1253 sumptus
1072 1170 1191 1255 legatis
1215 1192 1313 1254 quam
1340 1171 1479 1236 maxime

198 1275 238 1338 ad
266 1275 371 1359 legem
403 1273 587 1339 Corneliam
618 1275 847 1359 decernendos,
879 1279 978 1360 atque
1006 1277 1040 1340 in
1068 1299 1106 1341 eo
1138 1277 1209 1361 ipso
1238 1299 1289 1342 me
1316 1300 1384 1343 non
1411 1302 1481 1363 per·

199 1404 364 1448 severasse
388 1385 489 1446 testes
513 1387 589 1446 sunt
612 1383 756 1447 rationes
780 1384 964 1467 civitatum,
988 1383 1021 1448 in
1045 1383 1177 1468 quibus,
1200 1389 1360 1468 quantum
1384 1407 1480 1469 quae·

166 1506 180 1554 7
200 1512 261 1573 que
286 1488 403 1571 voluit,
433 1488 551 1573 legatis
575 1489 640 1552 tuis
663 1488 775 1553 datum
798 1489 940 1574 induxit3
968 1493 1001 1554 te
1029 1494 1138 1554 autem
1162 1490 1279 1574 quibus
1303 1492 1479 1557 mendaciis
1493 1512 1517 1550 1⁰

198 1595 346 1660 homines
365 1595 523 1658 levissimi
542 1597 730 1659 onerarunt!
754 1618 819 1660 non
839 1596 934 1660 modo
955 1595 1102 1660 sublatos
1122 1600 1280 1682 sumptus,
1304 1599 1360 1663 sed
1380 1600 1480 1664 etiam

199 1723 218 1765 a
241 1700 508 1785 procuratoribus
537 1723 662 1785 eorum,
690 1702 746 1785 qui
773 1701 837 1765 iarn
865 1701 1004 1786 profecti
1028 1707 1149 1786 essent,
1178 1703 1335 1787 repetitos
1365 1709 1400 1769 et
1428 1707 1481 1771 ah

200 1809 299 1890 latos,
332 1829 467 1890 eamque
496 1830 626 1873 causam
655 1808 768 1872 multis
800 1807 931 1872 omnino
960 1829 1024 1871 non
1052 1809 1148 1873 eundi
1177 1809 1287 1874 fuisse.
1329 1832 1482 1893 quererer

199 1917 307 1978 tecum
328 1918 425 1997 atque
445 1917 694 1999 expostularem,
717 1915 760 1999 ni,
783 1919 821 1979 ut
839 1936 937 1998 supra
960 1914 1085 1999 scripsi,
1108 1930 1248 2001 purgare
1266 1938 1318 1982 me
1337 1917 1401 1981 tibi
1419 1919 1481 1983 hoc

199 2024 256 2085 tuo
280 2024 426 2106 tempore
450 2044 548 2105 quam
571 2044 724 2087 accusare
747 2026 780 2086 te
805 2021 936 2084 mallem
959 2020 1055 2104 idque
1083 2027 1233 2106 putarem
1256 2043 1327 2087 esse
1351 2023 1478 2088 rectius.
1494 2042 1517 2081 1⁶

198 2128 309 2211 itaque
328 2128 411 2192 nihil
431 2129 469 2192 de
489 2133 532 2212 te,
557 2128 643 2213 quod
663 2127 849 2213 credideris3
872 2127 911 2190 de
930 2142 991 2210 me,
1015 2131 1226 2211 quamobrem
1244 2150 1312 2193 non
1330 2128 1480 2194 debueris

199 2234 341 2318 credere,
372 2257 476 2319 pauca
503 2236 621 2301 dicam:
653 2257 743 2319 nam,
777 2233 805 2298 si
833 2255 884 2297 me
912 2234 1018 2298 virum
1045 2234 1181 2319 bonurn,
1213 2233 1241 2299 si
1270 2235 1407 2321 dignum
1434 2237 1481 2302 eis

200 2341 316 2405 studiis
340 2363 441 2424 eaque
465 2343 623 2427 doctrina,
646 2343 698 2408 cui
717 2363 768 2406 me
789 2362 807 2404 a
825 2340 966 2424 pueritia
989 2340 1070 2424 dedi,
1094 2340 1122 2404 si
1142 2340 1221 2405 satis
1240 2343 1353 2427 magni
1370 2343 1481 2427 animi,

198 2470 264 2512 non
292 2448 420 2512 minimi
448 2449 577 2514 consilii
604 2449 637 2513 in
666 2446 817 2512 maximis
844 2445 942 2510 rebus
969 2450 1177 2530 perspectum
1199 2447 1315 2533 habes,
1339 2448 1424 2513 nihil
1448 2451 1480 2514 in

199 2576 338 2619 menon
363 2555 458 2619 modo
487 2555 696 2639 perfidiosum
725 2558 759 2618 et
786 2551 978 2617 insidiosum
1002 2556 1035 2616 et
1057 2552 1158 2617 fallax
1180 2553 1215 2617 in
1238 2553 1400 2639 amicitia,
1425 2555 1517 2620 seda

164 2677 239 2726 sne
271 2661 394 2725 humile
428 2661 557 2745 quidem
591 2665 647 2725 aut
677 2660 821 2725 ieiunum
855 2658 952 2722 debes
986 2679 1174 2744 agnoscere,
1208 2658 1258 2724 sin
1286 2667 1395 2727 autem
1430 2685 1479 2727 me

198 2771 344 2832 astutum
368 2771 402 2832 et
425 2767 590 2832 occultum
613 2768 705 2832 lubet
728 2767 861 2851 fingere,
884 2763 962 2847 quid
986 2769 1044 2849 est,
1069 2766 1154 2850 quod
1178 2766 1286 2830 minus
1310 2767 1425 2833 cadere
1448 2770 1481 2834 in

198 2873 357 2937 eiusmodi
380 2877 531 2938 naturam
559 2875 665 2957 possit
689 2895 786 2958 quam
811 2875 869 2936 aut
891 2871 1115 2936 florentissimi
1142 2871 1286 2938 hominis
1314 2874 1481 2959 aspernari

198 2978 456 3043 benevolentiam
472 2984 528 3043 aut
547 2980 617 3044 eius
637 2980 912 3045 existimationem
932 3000 1120 3064 oppugnare
1139 2981 1174 3044 in
1190 2978 1368 3066 provincia,
1387 2980 1479 3046 cuius

198 3085 326 3148 laudem
350 3086 438 3150 domi
461 3085 657 3171 defenderis,
681 3085 794 3150 autin
818 3107 855 3148 ea
879 3105 913 3149 re
937 3084 1082 3150 animum
1106 3087 1275 3151 ostendere
1298 3084 1479 3170 inimicum,
1495 3103 1519 3144 ὅ

198 3191 233 3255 in
257 3213 320 3274 qua
342 3190 425 3255 nihil
445 3192 542 3275 obsis,
566 3196 622 3256 sut
645 3192 679 3256 id
703 3192 822 3277 eligere
842 3191 882 3255 ad
902 3190 1080 3275 perfidiam,
1104 3192 1189 3276 quod
1209 3191 1478 3258 adiudicandum

199 3296 308 3361 odium
324 3299 566 3381 apertissimum
586 3299 637 3381 sit,
657 3298 697 3362 ad
715 3297 896 3361 nocendum
915 3295 1139 3361 levissimum?
1173 3296 1251 3380 quid
1270 3300 1341 3360 erat
1360 3302 1472 3364 autem

199 3425 255 3467 cur
278 3424 339 3489 ego
359 3405 393 3469 in
412 3410 444 3470 te
463 3409 533 3469 tam
555 3404 761 3489 inplacabilis
783 3423 896 3486 essem,
921 3424 994 3466 cum
1017 3407 1050 3467 te
1069 3423 1108 3466 ex
1127 3401 1229 3467 fratre
1248 3425 1320 3468 meo
1339 3426 1381 3469 ne
1400 3408 1482 3472 tunc

199 3510 343 3594 quidem,
370 3533 443 3575 cum
471 3512 532 3576 tibi
559 3535 660 3597 prope
683 3531 813 3576 necesse
842 3513 929 3573 esset
956 3530 1010 3573 eas
1039 3530 1135 3594 agere
1162 3509 1280 3594 partis,
1308 3509 1481 3577 inimicum

199 3617 280 3681 mihi
313 3617 413 3702 fuisse
446 3619 659 3704 cognossem?
707 3639 779 3682 cum
814 3636 889 3679 vero
922 3614 1064 3679 reditum
1095 3619 1245 3680 nostrum
1275 3615 1310 3679 in
1337 3617 1484 3701 gratiam
1498 3637 1524 3677 so

199 3726 334 3806 uterque
367 3725 556 3807 expetisset,
590 3724 667 3807 quid
699 3724 733 3787 in
766 3720 937 3786 consulatu
970 3725 1028 3785 tuo
1060 3721 1184 3787 frustra
1217 3743 1344 3787 mecum
1374 3723 1486 3809 egisti,

200 3830 285 3911 quod
314 3851 365 3893 me
394 3834 451 3893 aut
483 3829 588 3895 facere
619 3833 676 3894 aut
705 3827 826 3893 sentire
855 3827 1037 3891 voluisses?
1085 3828 1163 3911 quid
1195 3827 1276 3892 mihi
1309 3829 1485 3916 mandasti,

289 4001 311 4048 1.
333 3993 358 4047 si
378 3994 463 4064 clam]
483 3993 600 4048 siclam
619 3995 661 4062 Μ,
681 3993 794 4048 sitiam
814 3993 848 4059 G,
868 3991 969 4046 silam
989 3993 1018 4048 R
1031 3995 1040 4061 11
1054 3995 1127 4075 essa]
1148 4009 1238 4047 essem
1256 3996 1283 4046 a
1295 3995 1305 4063 1
1319 3999 1342 4047 2.
1364 4010 1399 4048 ea
1419 3996 1485 4065 GR,

199 4082 233 4118 ex
252 4067 308 4134 Μ1
323 4064 361 4136 ei]
381 4064 411 4118 hi
429 4068 465 4133 o,
484 4064 504 4119 ii
524 4082 540 4124 ς
562 4069 571 4134 11
591 4071 615 4119 4.
636 4065 666 4118 in
685 4082 740 4134 quo
761 4064 827 4130 GR,
848 4062 944 4131 iniquo
963 4065 1000 4117 M
1011 4067 1020 4133 11
1034 4070 1058 4118 b.
1079 4065 1158 4118 adire
1177 4064 1214 4118 ad
1233 4081 1277 4118 me
1297 4064 1341 4132 01
1360 4065 1488 4134 Epicteti

197 4139 317 4207 reqionis
344 4139 389 4206 (cs.
419 4137 518 4191 Strabo
543 4139 994 4205 p.130,534,ooe,564,576,
1018 4140 1069 4187 625
1091 4137 1164 4203 Coa,
1191 4136 1219 4191 0.
1233 4136 1261 4190 1.-
1273 4136 1308 4189 L.
1414 4142 1488 4194 2218

198 4208 344 4275 (=Herm.
360 4207 398 4260 Vl
413 4224 443 4276 p.
460 4212 501 4275 7),
525 4208 608 4262 Hcad
632 4208 704 4262 ‘oisc
728 4207 815 4261 rrum!
836 4223 866 4274 p.
882 4210 944 4274 563)
970 4207 1074 4261 incolas
1097 4209 1215 4262 niaximc
1240 4207 1382 4261 dioecetas
1399 4208 1489 4274 fartae

198 4280 279 4349 ideae
298 4279 421 4348 Appium
445 4280 535 4347 ipsam
552 4295 609 4333 non
627 4281 756 4349 ignorare
779 4279 884 4336 adiecto
902 4296 927 4332 o.
946 4275 1078 4330 nimirum
1097 4285 1161 4333 tecte
1179 4278 1318 4349 significat
1336 4278 1346 4346 1
1365 4283 1388 4331 6.
1409 4279 1488 4348 epic-

198 4378 258 4429 teto
278 4377 319 4443 nr,
339 4375 462 4445 epicteto
483 4377 517 4444 a,
537 4374 613 4444 epiro
632 4378 661 4429 te
679 4377 707 4431 a
726 4378 735 4446 1
753 4358 894 4444 sumpts,
914 4391 932 4427 u
951 4393 969 4428 a
987 4394 1022 4430 m.
1042 4383 1066 4444 1,
1085 4377 1122 4429 M
1137 4378 1146 4444 1
1166 4381 1188 4429 r.
1208 4374 1349 4444 imperatu
1369 4374 1408 4443 c,
1435 4376 1488 4431 im-

198 4463 295 4515 perem
314 4447 342 4500 R
356 4450 366 4515 11
379 4465 440 4500 sum
461 4446 498 4500 tis
519 4447 567 4516 Gll
582 4454 605 4502 8.
627 4447 800 4501 decernendo
821 4446 875 4501 GR
889 4447 898 4514 11
913 4451 936 4499 9.
957 4444 987 4498 in
1005 4462 1075 4515 quas
1095 4447 1253 4516 Wesenberg
1271 4449 1280 4515 11
1298 4451 1322 4499 9.
1339 4451 1381 4499 10.
1396 4463 1488 4515 quan-

200 4520 379 4586 tumcumque
405 4465 497 4571 uoiuit
516 4518 542 4572 G
565 4520 574 4587 11
598 4524 639 4572 10,
660 4518 757 4572 induxi
779 4519 805 4573 G
825 4519 835 4584 11
856 4522 897 4571 11.
918 4519 1105 4571 onerauerunt
1124 4518 1179 4573 GR
1202 4521 1211 4586 11
1235 4522 1277 4570 12.
1296 4515 1435 4598 repetitos
1454 4537 1489 4574 ec

199 4589 348 4656 repertitos
368 4589 443 4658 M¹1l
465 4594 505 4643 15.
526 4606 586 4643 esse
605 4607 655 4644 om.
676 4590 714 4644 6¹
733 4592 742 4659 11
764 4593 803 4643 17.
824 4586 878 4660 eis]
898 4586 943 4640 his
961 4591 1000 4655 o,
1020 4587 1055 4641 iis
1076 4606 1092 4646 ς
1110 4592 1119 4657 11
1138 4595 1179 4643 20.
1200 4592 1229 4642 et
1247 4587 1415 4641 insidiosum
1435 4607 1488 4646 om.

201 4658 255 4712 GR
269 4662 278 4727 11
292 4659 322 4711 in
342 4662 412 4729 (sup.
429 4678 466 4715 cs.
482 4679 500 4714 a
513 4679 548 4715 rii.
565 4663 591 4730 1)
610 4660 737 4714 amicitia
756 4661 793 4728 R,
812 4657 963 4713 inimicitia
977 4661 1019 4726 M,
1038 4659 1068 4712 in
1086 4659 1208 4713 nnicicia
1224 4661 1249 4715 G
1263 4662 1272 4728 11
1287 4666 1329 4713 21.
1349 4659 1489 4714 ieiunium

200 4728 256 4852 Gi
274 4730 362 4854 {phil
382 4737 473 4785 wareo
490 4733 540 4786 ult,
559 4731 570 4784 i
589 4734 679 4804 wasa)
699 4734 709 4801 11
729 4748 773 4785 me
792 4748 841 4786 om.
864 4731 891 4787 G
911 4733 921 4799 11
941 4736 983 4785 22.
1002 4730 1094 4803 lubet]
1121 4731 1201 4784 iubet
1218 4734 1245 4784 o
1268 4732 1276 4799 11
1300 4735 1342 4783 27.
1363 4734 1426 4784 erat
1446 4733 1489 4803 Μ,

199 4816 238 4853 en
325 4837 328 4843 ⁴
