3314 5460
628 354 886 409 EPISTVLARVM
904 354 924 409 Ι.
944 359 969 410 9,
1398 355 1439 418 19

170 513 286 592 pondus
305 516 474 600 haberent,
487 538 593 580 unum
611 516 677 581 iere
697 539 827 582 sensum
845 517 945 582 fuisse
960 518 1119 582 bonorum
1140 517 1293 581 omnium.
1316 522 1439 601 postea,
1460 534 1492 582 ia

177 637 236 685 cum
268 625 305 686 tn
334 621 529 707 Hispaniam
562 623 748 689 citeriorem
780 646 854 689 cum
885 624 1022 709 imperio
1056 624 1220 707 optineres
1251 645 1356 707 neque
1389 646 1440 688 res

177 727 295 808 publica
309 729 458 794 eonsules
476 730 621 814 haberet,
642 732 699 796 sed
717 735 915 796 mercatores
933 731 1173 816 provinciarum
1192 735 1226 795 et
1244 731 1442 795 seditionum

179 856 274 900 servos
301 858 340 901 ac
362 836 544 914 ministros,
573 837 650 902 iecit
677 838 809 922 quidam
839 859 933 902 casos
963 841 1061 922 caput
1089 859 1196 901 meum
1224 837 1317 920 qnasi
1341 841 1442 901 certa-

155 940 263 1006 rminis
285 965 384 1008 causa
406 943 441 1006 in
464 943 604 1007 mediam
628 944 871 1009 contentionem
894 943 1192 1027 dissensionemque
1216 943 1353 1025 civilem,
1377 965 1441 1026 quo

170 1051 204 1113 in
230 1047 407 1113 discrimine
432 1071 505 1114 curn
528 1050 686 1115 mirificus
710 1054 859 1130 senatus,
882 1049 1082 1137 incredibilis
1105 1049 1220 1113 ltaliae
1243 1049 1356 1132 totins,
1379 1048 1442 1116 sin·¹

163 1153 287 1241 gularis
316 1156 461 1220 omnium
489 1156 649 1221 bonorum
678 1178 854 1221 consensus
881 1142 916 1220 in
944 1178 995 1220 me
1023 1156 1142 1222 tuendo
1170 1155 1348 1239 extitisset,
1376 1177 1441 1218 non

159 1262 284 1345 dican,
316 1262 393 1345 quid
423 1262 578 1327 acciderit
606 1300 645 1310 -
675 1263 853 1329 multorum
886 1266 937 1328 est
968 1263 1055 1327 enirn
1087 1266 1121 1326 et
1152 1262 1241 1326 varia
1273 1262 1368 1345 culpa
1394 1299 1443 1344 —,

155 1371 293 1431 tantum
310 1367 416 1433 dicam
435 1370 535 1452 brevi,
553 1392 620 1434 non
638 1369 719 1435 mihi
739 1370 925 1453 exercitum,
944 1370 1001 1434 sed
1015 1371 1112 1435 duces
1131 1369 1280 1434 defuisse.
1316 1369 1350 1433 in
1370 1390 1443 1452 quo,

116 1495 141 1532 ιο
154 1477 208 1534 nt
239 1474 293 1538 iam
315 1474 361 1540 sit
383 1475 417 1540 in
441 1476 487 1541 eis
511 1476 616 1561 culpa,
639 1476 696 1560 qui
719 1498 770 1541 me
794 1499 860 1541 non
879 1476 1100 1559 defenderunt,
1122 1499 1189 1541 non
1207 1477 1314 1540 minor
1337 1476 1445 1540 estin

151 1577 219 1642 eis
225 1631 240 1663 ,
263 1581 313 1664 qui
343 1581 559 1667 reliquerunt,
592 1588 640 1668 et,
672 1584 701 1649 si
732 1583 904 1650 accusandi
932 1587 1021 1668 sunt,
1054 1584 1082 1647 si
1111 1582 1166 1667 qui
1195 1584 1445 1667 pertimuerunt,

149 1686 273 1771 magis
287 1688 386 1752 etiam
400 1690 664 1773 reprehendendi,
684 1690 712 1754 si
731 1690 787 1775 qui
806 1712 840 1755 se
859 1690 975 1754 timere
990 1689 1200 1754 simularunt:
1219 1690 1301 1754 illud
1316 1690 1445 1773 quidem

151 1796 259 1857 certe
276 1799 424 1860 nostrum
448 1796 620 1860 consilium
647 1796 717 1861 iure
745 1796 942 1861 laudandum
966 1801 1029 1879 est,
1057 1796 1113 1880 qui
1141 1817 1230 1860 meos
1260 1796 1347 1861 cives
1370 1799 1447 1860 eta

154 1911 229 1960 me
258 1908 460 1967 conservatos
490 1907 523 1967 et
550 1926 601 1967 me
632 1924 760 1968 servare
793 1902 954 1986 cupientis
987 1902 1144 1987 spoliatos
1176 1901 1312 1967 ducibus
1344 1901 1446 1967 servis

116 2013 139 2053 ¹⁵
157 2008 301 2072 armaris
324 2008 412 2074 obici
434 2009 595 2074 noluerim
619 2010 838 2094 declararique
863 2009 1047 2092 maluerim,
1078 2015 1201 2093 quanta
1224 2010 1273 2074 vis
1297 2032 1367 2075 esse
1391 2031 1446 2093 po·

161 2105 287 2178 tuisse
303 2115 337 2180 in
356 2137 517 2181 consensu
536 2116 705 2198 bonorum,
730 2117 758 2181 si
782 2117 828 2181 eis
847 2137 908 2201 pro
931 2138 982 2180 me
1002 2120 1110 2181 stante
1128 2138 1274 2201 pugnare
1293 2116 1448 2199 licuisset,

164 2229 250 2283 Qum
269 2223 434 2288 adflictum
456 2224 596 2289 excitare
619 2223 819 2309 potuissent,
842 2245 981 2307 quorum
1001 2224 1130 2306 quidem
1154 2224 1300 2287 animum
1323 2227 1359 2288 tu
1382 2244 1448 2287 non

167 2329 361 2412 perspexisti
385 2330 505 2413 solum,
536 2352 610 2396 cum
634 2330 672 2395 de
697 2352 748 2394 me
772 2351 900 2416 ageres,
923 2330 979 2394 sed
1002 2329 1100 2394 etiam
1124 2329 1326 2394 confirmasti
1350 2332 1448 2411 atque

169 2422 313 2500 ienuisti.
346 2459 411 2521 qua
434 2437 468 2501 in
491 2459 590 2502 causa
609 2474 650 2484 —
669 2458 735 2501 non
759 2437 855 2501 modo
878 2458 944 2501 non
966 2436 1105 2522 negabo,
1127 2436 1301 2501 sedetiam
1320 2457 1448 2518 semper
1468 2451 1501 2499 14

140 2531 207 2591 ”et
237 2542 402 2607 meminero
426 2547 459 2617 et
481 2543 675 2627 praedicabo
695 2543 836 2608 libenter
850 2579 892 2589 —
907 2565 985 2608 usus
1010 2565 1044 2607 es
1068 2543 1262 2626 quibusdam
1285 2541 1448 2607 nobilissi-

172 2639 241 2709 mis
259 2647 443 2714 hominibus
463 2650 654 2715 fortioribus
677 2650 712 2714 in
735 2673 786 2714 me
805 2649 1016 2733 restituendo,
1040 2671 1137 2733 quam
1163 2649 1292 2713 fuerant
1310 2648 1395 2712 idem
1414 2649 1449 2711 in

170 2739 322 2820 tenendo:
345 2778 411 2840 qua
433 2756 468 2821 in
487 2757 651 2822 sententia
675 2756 703 2822 si
727 2761 875 2822 constare
894 2756 1084 2839 voluissent,
1108 2778 1200 2820 suam
1219 2753 1449 2819 auctoritatem

169 2846 268 2924 ⁸imnl
290 2884 365 2927 com
389 2864 495 2928 salute
515 2885 588 2929 mea
606 2866 860 2948 recuperassent,
883 2864 1038 2929 recreatis
1058 2861 1143 2927 enim
1164 2861 1259 2926 bonis
1278 2862 1357 2927 viris
1377 2883 1450 2926 con·

167 2960 277 3032 inlata
295 2973 352 3034 tuo
373 2974 407 3034 et
425 2970 700 3036 constantissimis
724 2976 822 3055 atque
842 2971 976 3055 optimis
1002 2969 1185 3035 actionibus
1204 2968 1271 3032 tuis
1291 2968 1450 3051 excitatis,

141 3052 233 3136 '⁵012
246 3072 399 3161 Pompeio
418 3076 611 3160 praesertim
630 3077 671 3142 ad
690 3099 821 3143 causam
835 3077 997 3161 adiunct0,
1017 3099 1090 3141 cum
1105 3076 1206 3140 etiam
1220 3073 1339 3139 Caesar
1353 3076 1450 3139 rebus

163 3180 318 3247 maximis
345 3184 448 3268 gestis
477 3184 699 3270 singularibus
727 3189 861 3250 omatus
885 3187 919 3247 et
940 3183 1034 3248 novis
1057 3183 1237 3248 honoribus
1262 3204 1299 3247 ac
1322 3179 1450 3246 iudiciis

163 3289 301 3353 ⁸enacus
320 3291 362 3354 ad
381 3291 611 3356 auctoritatem
634 3291 703 3356 eius
723 3291 846 3356 ordinis
866 3291 1107 3376 adiungeretur,
1128 3289 1210 3353 nulli
1229 3288 1369 3372 inprobo
1389 3287 1451 3352 civi

162 3373 262 3458 lQus
275 3396 316 3460 ad
330 3417 399 3460 rem
413 3397 578 3481 publicam
593 3398 776 3462 violandam
795 3419 865 3462 esse
884 3397 1061 3480 potuisset,
1080 3396 1137 3460 sed
1151 3395 1302 3480 adtende,
1321 3416 1451 3479 quaeso,
1472 3413 1504 3460 ro

164 3502 256 3567 tuae
278 3501 344 3566 sint
368 3507 551 3568 consecuta.
587 3504 730 3588 primum
753 3503 810 3568 illa
835 3503 920 3568 furia
940 3502 1147 3567 muliebrium
1166 3501 1372 3587 religionum,
1395 3501 1451 3584 qni

141 3604 242 3670 ouon
261 3609 363 3692 pluris
386 3608 510 3674 fecerat
531 3609 659 3675 Bonam
682 3610 786 3675 Deam
810 3632 907 3694 quam
932 3607 992 3673 tris
1017 3631 1158 3692 sorores,
1189 3608 1452 3693 impunitatemst

165 3693 302 3778 illorum
323 3715 495 3780 sententiis
518 3717 701 3803 adsecutus,
726 3716 792 3801 qui,
819 3738 892 3780 cum
912 3721 951 3779 tr.
966 3715 1009 3798 pl.
1034 3737 1156 3799 poenas
1175 3738 1195 3779 a
1213 3715 1369 3779 seditioso
1389 3713 1452 3778 civi

168 3804 376 3832 χ-ῳ

262 3877 285 3926 2.
305 3871 465 3927 citeriorem
485 3873 523 3942 G,
548 3871 709 3927 citeriorum
728 3873 774 3926 Ml
794 3876 877 3942 (rem
895 3874 970 3942 ΜΟ),
989 3871 1152 3927 ceteriorem
1172 3873 1200 3927 R
1246 3878 1270 3927 4.
1291 3887 1387 3924 cassus
1402 3870 1438 3922 M
1444 3870 1453 3940 ll

173 3940 260 4015 eaput
272 3943 307 4011 R,
327 3945 398 4013 aput
412 3944 449 3996 M
459 3946 556 4013 (caput
566 3945 603 3997 M
605 3950 635 4013 τ),
655 3944 730 4013 apud
746 3946 771 3999 G
785 3948 794 4013 l
809 3951 832 3999 6.
848 3943 981 3998 mirificus
1001 3946 1128 4016 senatus]
1180 3943 1185 3954 '
1205 3944 1210 3955 '
1233 3960 1268 3997 ca
1286 3943 1400 3996 senatus
1410 3940 1452 4008 M,

176 4010 304 4068 muscus
323 4018 353 4068 et
372 4015 455 4083 GR!
477 4013 576 4085 italiall
596 4017 622 4084 (1
643 4016 694 4069 litt.
714 4018 804 4083 εναεα)
829 4015 933 4069 etotiue
953 4016 999 4082 M,
1021 4014 1120 4069 italiae
1144 4019 1173 4069 et
1197 4014 1271 4069 octio
1291 4016 1330 4081 G,
1354 4011 1452 4066 italiae

179 4068 265 4137 iOcius
281 4086 309 4139 R
322 4089 332 4154 fl
347 4091 371 4140 7.
392 4101 542 4140 consensus
563 4088 589 4138 Ω
608 4088 651 4155 (in
669 4087 707 4138 M
720 4103 753 4140 ns
772 4089 804 4140 ia
821 4104 875 4141 rae.
896 4104 964 4142 corr.
984 4105 1002 4140 α
1017 4087 1086 4155 M⁰)‚
1106 4086 1246 4155 (mirifica)
1266 4084 1412 4139 consensio
1428 4101 1451 4141 ς.

183 4141 213 4198 de
231 4169 375 4210 consensus
397 4173 453 4212 ooo.
480 4159 514 4224 ef.
534 4158 685 4212 Mommsen
705 4158 739 4212 ‘r.
759 4159 936 4212 otoctmcbt’
958 4157 1009 4225 Ill,
1031 4164 1044 4210 1
1060 4176 1090 4227 p.
1106 4164 1158 4211 305
1181 4160 1190 4225 l
1214 4163 1237 4212 9.
1258 4156 1383 4210 dufuisse
1402 4156 1439 4207 M
1445 4159 1454 4223 l

187 4215 225 4272 ¹0.
242 4224 288 4351 cip]
306 4226 351 4281 his
367 4229 402 4294 Ω,
421 4226 457 4282 iis
472 4231 512 4298 sl
531 4228 716 4282 defenderunt
734 4231 765 4283 in
783 4246 837 4283 rae.
859 4229 896 4280 M
898 4233 933 4294 “l
953 4235 993 4282 11.
1013 4228 1067 4300 eis]
1086 4228 1130 4282 his
1150 4231 1184 4296 Ω,
1204 4228 1239 4281 iis
1259 4231 1298 4296 ςΙΙ
1311 4226 1453 4297 pertinue-

189 4295 247 4346 ΜΒ
286 4299 327 4363 R,
349 4300 397 4353 sed
415 4317 434 4353 a
451 4298 491 4352 R¹
510 4307 658 4355 correctam
675 4303 685 4366 ΙΙ
704 4305 745 4354 16.
766 4298 819 4370 eis]
838 4299 883 4352 his
903 4300 971 4366 GR,
995 4299 1025 4352 hi
1044 4318 1077 4354 ea
1096 4300 1140 4353 his
1159 4301 1280 4354 rodemlo
1300 4299 1346 4364 M,
1369 4297 1405 4349 iis
1420 4299 1455 4367 sl

194 4370 304 4494 lllffi
317 4368 980 4511 nitidiGlalltttttllmldiuiti
994 4372 1139 4511 llll·
1159 4367 1455 4495 {imbibi

201 4507 263 4583 ”edo
274 4483 355 4578 qu’am
366 4543 400 4553 -
411 4517 452 4567 23.
468 4459 532 4566 riiea
545 4459 605 4567 omi)
614 4514 668 4568 GR
681 4516 691 4582 l
704 4512 791 4567 iidem
801 4514 837 4566 M
839 4520 849 4546 ¹
863 4515 872 4580 ΙΙ
886 4518 928 4567 23.
944 4529 1007 4566 cum
1021 4460 1234 4581 reeuperiisent
1245 4483 1302 4566 GR’
1313 4514 1323 4581 l
1336 4510 1455 4565 recreati

205 4581 259 4630 imm
269 4579 330 4636 boni
344 4581 400 4637 uiri
410 4585 437 4636 Ω
451 4582 492 4650 (in
501 4583 568 4638 boni
578 4583 632 4638 uiri
641 4584 690 4652 R),
705 4601 773 4639 corr.
783 4585 820 4637 M
823 4592 833 4618 ¹
847 4587 856 4654 ΙΙ
870 4590 913 4638 23.
922 4589 964 4638 24.
976 4583 1122 4637 consolatu
1133 4585 1170 4637 M
1179 4587 1189 4650 u
1203 4589 1245 4637 24.
1255 4582 1386 4636 excitatis
1396 4583 1433 4635 M
1437 4589 1456 4649 ¹,

206 4649 322 4726 exsultati
336 4656 364 4707 Ω
376 4655 386 4722 l
400 4659 443 4708 26.
459 4654 592 4709 adiuncto
606 4655 643 4722 R,
663 4655 715 4709 -tio
729 4656 791 4710 ΜΘ
810 4657 852 4723 (irc
867 4655 905 4708 M
919 4655 929 4706 i
947 4656 1061 4722 erosolll
1075 4659 1116 4708 29.
1133 4654 1190 4708 sint
1205 4654 1268 4724 GR,
1288 4653 1372 4707 sitM
1382 4657 1392 4722 ΙΙ
1405 4651 1457 4706 illa

116 4734 118 4739 ·
209 4708 432 4792 accamanus,
447 4724 498 4779 un
512 4725 588 4780 aaa
598 4729 632 4793 a,
647 4725 695 4780 ine
710 4726 780 4784 rurs
795 4730 804 4795 p
818 4731 860 4781 30.
876 4726 974 4779 seeum
984 4726 1039 4792 rep
1054 4730 1144 4780 soar.
1155 4725 1353 4796 impunitatem
1368 4724 1456 4778 suno-

211 4791 294 4864 mull,
307 4795 323 4851 i.
333 4799 377 4850 est
391 4795 504 4850 illorum
511 4797 565 4852 GR
579 4801 588 4866 l
603 4802 645 4852 31.
655 4799 689 4852 tr.
699 4797 751 4869 pl]
762 4797 889 4851 tirannm
905 4799 969 4866 (tyr.
979 4796 1018 4865 R)
1027 4796 1125 4866 pobbo
1140 4797 1293 4868 (puplioG)
1303 4796 1457 4852 lentulusst

1205 4887 1243 4942 2*
