3314 5460
611 113 866 168 EPISTVLARVM
884 113 929 167 Ill.
950 118 974 166 9.
996 119 1035 166 10.
1421 110 1462 175 67

184 278 234 342 tui
267 277 410 343 benificii
443 299 516 342 sum
548 297 609 363 ego
642 277 752 361 testis,
783 280 929 361 praestat
958 275 1020 341 tibi
1050 276 1241 342 memoriam
1274 275 1464 340 benevolen-

185 385 345 469 tiamque,
372 406 469 468 quam
492 384 601 450 debet:
630 384 687 469 qui
715 405 788 449 cum
815 384 966 449 maximis
995 384 1062 448 suis
1090 384 1186 449 rebus
1215 386 1348 449 coactus
1371 405 1391 447 a
1412 404 1465 447 me

183 490 392 556 invitissumo
416 491 623 575 decessisset,
651 495 775 576 tamem
803 495 841 556 ut
863 491 946 555 vidit
968 491 1125 556 interesse
1150 494 1221 575 tua,
1247 489 1465 555 conscendens

186 599 250 663 iam
273 621 391 664 navem
410 597 543 683 Epheso
564 597 757 663 Laodiceam
775 599 920 663 revertit.
957 598 1036 662 talia
1059 602 1092 662 te
1116 619 1189 663 cum
1213 597 1322 662 studia
1339 596 1466 662 videam

148 705 376 770 5habiturum
399 726 470 770 esse
493 704 751 788 innumerabilia,
773 704 870 789 plane
889 703 1038 769 dubitare
1057 727 1123 769 uon
1141 726 1284 788 possum,
1308 703 1387 787 quin
1405 703 1467 767 tibi

186 813 369 897 amplitudo
397 812 462 877 ista
491 811 678 877 sollicitudo
711 809 823 874 futura
850 811 907 896 sit3
939 811 967 875 si
994 833 1071 876 vero
1101 811 1219 895 efficis,
1249 815 1288 875 ut
1316 832 1466 876 censores

188 924 347 1005 creentur,
370 923 404 984 et
428 919 455 983 si
478 918 526 982 ita
549 917 688 1004 gesseris
713 939 891 1002 censuram,
913 923 951 982 ut
970 922 1004 982 et
1022 918 1119 982 debes
1138 922 1172 982 et
1189 921 1292 1003 potes,
1315 939 1382 982 non
1404 916 1467 981 tibi

189 1027 307 1111 solum,
338 1026 394 1091 sed
421 1025 488 1090 tuis
516 1024 667 1090 omnibus
695 1024 787 1090 video
815 1024 850 1088 in
876 1028 1070 1109 perpetuum
1099 1047 1225 1090 summo
1249 1027 1282 1088 te
1305 1023 1467 1109 praesidio

189 1133 343 1198 faturum.
375 1132 457 1197 illud
475 1153 586 1218 pugna
603 1135 637 1197 et
659 1131 792 1216 enitere,
813 1153 854 1196 ne
874 1130 1066 1215 quidnobis
1087 1131 1245 1217 temporis
1264 1135 1469 1217 prorogetur,

124 1244 238 1325 aaut,
261 1263 335 1305 cum
358 1239 412 1306 hie
434 1238 497 1304 tibi
520 1239 601 1304 satis
624 1238 810 1323 fecerimus,
838 1239 914 1304 istic
938 1260 1065 1324 quoque
1088 1243 1237 1304 nostram
1259 1238 1295 1303 in
1317 1245 1350 1304 te
1373 1238 1467 1304 bene-

192 1347 364 1412 volentiam
400 1368 520 1411 navare
555 1346 729 1431 possimus.
781 1368 863 1430 quae
901 1346 939 1411 de
976 1345 1146 1411 homiuum
1184 1350 1282 1430 atque
1319 1346 1505 1412 ordinum4

193 1455 334 1519 omnium
362 1476 441 1540 erga
468 1458 501 1518 te
530 1453 647 1519 studiis
676 1453 792 1520 scribis
820 1453 861 1518 ad
888 1475 954 1538 me,
986 1453 1120 1519 minime
1148 1453 1230 1518 mihi
1263 1453 1410 1519 miranda
1437 1457 1471 1517 et

196 1561 328 1626 maxime
360 1560 501 1627 iucunda
533 1559 736 1645 acciderunt,
767 1561 942 1644 eademque
976 1560 1016 1625 ad
1048 1583 1099 1626 me
1132 1561 1315 1646 perscripta
1348 1565 1425 1625 sunt
1451 1582 1471 1624 a

199 1665 405 1733 familiaribus
429 1668 523 1733 meis:
545 1666 658 1753 itaque
676 1667 769 1752 capio
789 1687 941 1754 magnam
959 1667 1172 1753 voluptatem,
1195 1689 1270 1733 cum
1288 1666 1361 1752 tibi,
1378 1666 1470 1732 cuius

124 1799 177 1849 ιι,
201 1774 270 1839 mihi
293 1775 439 1839 amicitia
460 1795 526 1839 nou
555 1774 661 1839 solum
684 1773 807 1858 ampla,
834 1773 889 1839 sed
917 1773 1017 1839 etiam
1040 1773 1181 1840 iucunda
1202 1778 1268 1861 est,
1295 1796 1333 1840 ea
1360 1773 1471 1858 tribui,

203 1901 272 1964 quae
295 1882 487 1967 debeantur,
517 1884 588 1946 tum
610 1902 687 1946 vero
711 1892 877 1946 r'emanere
905 1881 1005 1946 etiam
1029 1881 1172 1947 nuncin
1196 1881 1328 1947 civitate
1357 1883 1472 1945 nostra

198 1988 298 2053 studia
319 2010 421 2074 prope
445 1988 590 2054 omnium
610 2009 770 2053 consensu
793 2008 872 2074 erga
894 1987 990 2052 fortis
1015 1992 1048 2053 et
1071 1988 1250 2053 industrios
1269 1987 1365 2072 viros,
1390 2009 1471 2072 quae

193 2095 272 2160 milri
303 2096 367 2180 ipsi
399 2118 465 2160 una
497 2116 626 2179 semper
657 2094 784 2159 tributa
814 2116 938 2160 merces
966 2099 1016 2160 est
1045 2095 1195 2160 laborum
1223 2100 1257 2160 et
1284 2094 1471 2180 vigiliarum

186 2222 351 2288 mearum3
384 2202 464 2267 illud
496 2223 573 2267 vero
605 2200 687 2265 mihi
718 2201 897 2285 permirum
929 2201 1063 2288 accidit,
1094 2207 1221 2267 tautam
1252 2202 1505 2267 temeritateme

136 2305 349 2375 afuissem
373 2330 411 2375 eo
435 2308 657 2393 adulescente,
683 2306 776 2373 ouius
799 2328 861 2393 ego
885 2308 1025 2372 salutem
1053 2309 1179 2374 duobus
1203 2308 1319 2394 eapitis
1342 2308 1471 2375 iudiciis

176 2432 318 2482 summa
336 2417 545 2483 contentione
567 2414 705 2499 defendi,
727 2418 766 2480 ut
784 2414 850 2479 tuis
869 2415 1052 2480 inimicitiis
1071 2415 1285 2500 suscipiendis
1305 2416 1472 2481 oblivisce

174 2525 283 2588 retur
311 2525 335 2608 †
342 2546 402 2609 pro
432 2522 578 2588 omnium
605 2521 812 2586 fortunarum
840 2543 877 2586 ao
905 2521 1070 2586 rationum
1099 2544 1248 2608 suarum,
1279 2522 1472 2606 praesertim

172 2642 269 2694 cum
293 2636 328 2696 tu
358 2631 508 2696 omuibus
532 2630 583 2695 vel
607 2628 807 2694 omameutis
836 2628 887 2693 vel
914 2628 1085 2713 praesidiis
1114 2628 1325 2714 redundares,
1351 2629 1472 2715 <ipsi,>

172 2732 223 2793 ¹¹¹3
256 2736 414 2803 levissime
438 2737 558 2822 dicam,
582 2737 687 2801 multa
709 2735 850 2800 desseut.
892 2734 983 2801 cuius
1007 2757 1114 2801 sermo
1134 2737 1257 2802 stultus
1280 2740 1314 2801 et
1337 2736 1472 2820 puerilis

135 2840 159 2879 ’ὅ
173 2848 267 2908 erat
285 2845 351 2910 iam
375 2849 451 2910 ante
475 2844 515 2909 ad
538 2867 590 2909 me
613 2866 633 2908 a
655 2841 699 2907 M.
719 2842 843 2927 Caelio,
868 2840 1022 2907 familiari
1046 2848 1175 2929 nostro,
1196 2843 1411 2929 perscriptus,
1434 2843 1473 2907 de

175 2955 260 3018 quo
284 2951 363 3017 item
397 2972 545 3017 sermone
574 2950 678 3015 multa
711 2949 834 3034 scripta
862 2953 938 3014 sunt
966 2950 1025 3014 abs
1052 2954 1095 3015 te.
1141 2971 1202 3036 ego
1235 2956 1345 3016 autem
1376 2951 1473 3017 citius

175 3058 268 3122 eum
293 3080 346 3143 eo,
400 3057 434 3124 ui
465 3062 539 3123 tuas
570 3055 760 3122 inimicitias
792 3055 1004 3141 suscepisset,
1035 3061 1178 3122 veterem
1211 3058 1473 3124 coniunctionem

177 3146 402 3250 diremissem,
426 3186 526 3249 quam
547 3185 666 3229 novam
690 3161 928 3248 conciliassem3
951 3184 1055 3246 neque
1079 3163 1167 3229 enim
1188 3164 1227 3228 de
1252 3185 1324 3229 meo
1344 3184 1423 3250 erga
1440 3167 1473 3227 te

179 3261 301 3337 8ludio
324 3272 475 3336 dubitare
499 3271 606 3355 debes,
629 3291 733 3353 neque
757 3268 789 3332 id
813 3272 864 3334 est
888 3269 1062 3335 obscurum
1084 3270 1235 3354 cuiquam
1254 3270 1289 3335 in
1306 3267 1474 3356 provincia

130 3356 162 3399 ⁸⁰
178 3376 253 3442 ¹¹00
279 3377 403 3443 Romae
435 3378 508 3442 fuit.
554 3376 610 3442 sed
641 3381 752 3441 tamen
785 3375 989 3461 significatur
1015 3375 1050 3440 in
1077 3377 1144 3441 tuis
1176 3376 1298 3442 litteris
1330 3377 1508 3461 suspicioo

179 3486 349 3553 quaedam
373 3489 407 3550 et
429 3484 592 3550 dubitatio
617 3487 687 3567 tua,
718 3483 756 3546 de
781 3503 845 3565 qua
868 3482 1010 3547 alienum
1034 3486 1162 3568 tempus
1188 3488 1239 3549 est
1262 3484 1343 3549 mihi
1367 3488 1474 3549 tecum

179 3592 438 3678 ”Rpostulandm
458 3590 620 3677 purgandi
645 3594 754 3654 autem
777 3589 842 3652 mei
864 3588 1092 3655 necessarium.
1134 3591 1191 3656 ubi
1215 3590 1302 3656 enim
1325 3613 1387 3677 ego
1410 3591 1474 3656 cui-

181 3701 292 3767 (lllam
324 3698 482 3785 legationi
514 3696 562 3761 fui
594 3695 840 3780 impedimento,
873 3717 938 3779 quo
970 3696 1077 3761 minus
1105 3696 1246 3764 Romam
1276 3699 1316 3763 ad
1345 3698 1475 3763 laudem

181 3789 285 3871 tllam
313 3804 523 3871 mitteretur?
550 3807 609 3868 aut
635 3803 669 3866 in
697 3824 761 3886 quo
789 3802 897 3887 potui,
923 3802 952 3866 si
975 3806 1009 3868 te
1035 3805 1145 3888 palam
1174 3804 1329 3890 odissem,
1357 3805 1474 3889 minus,

179 3910 408 3942 κῃ*

210 4057 217 4069 ,
284 4006 308 4054 1.
327 3997 372 4052 tui
396 4016 430 4054 eu
451 4000 503 4052 tua
525 3997 576 4051 Μο
596 3997 607 4066 ll
630 4000 653 4049 3.
678 3992 856 4048 invitissumo
880 3995 926 4049 Μ1
951 3997 1045 4067 (simo
1068 4005 1164 4069 postca
1186 4000 1333 4068 rodendo),
1360 4016 1410 4055 om.
1431 3998 1475 4073 θΙ

181 4051 371 4124 dlacessisset
387 4069 434 4138 0¹,
542 4086 603 4123 cam
621 4067 686 4122 aliia
739 4072 912 4134 oeoptocerot
925 4067 1061 4140 Ploppers
1079 4070 1222 4138 (Marmor.
1237 4071 1257 4125 1.
1274 4076 1350 4126 1873,
1367 4089 1396 4140 p.
1412 4075 1455 4130 61)
1473 4078 1475 4139 !

181 4129 213 4182 4·
236 4141 297 4197 iam
319 4159 371 4197 osa.
391 4141 445 4211 Gli
474 4139 614 4195 aodiciam
634 4138 672 4206 G,
695 4083 855 4191 ldbdioeam
873 4138 901 4192 R
919 4141 928 4206 l
949 4145 973 4194 6.
994 4139 1155 4195 sollicitudo
1180 4141 1237 4195 ista
1255 4142 1284 4196 It
1301 4144 1311 4212 ss
1328 4144 1360 4197 in
1378 4141 1475 4209 officis,

176 4208 243 4263 Pro
257 4230 311 4283 pao
325 4212 451 4267 effeceris
465 4218 490 4268 et
504 4210 608 4266 efficies
623 4210 804 4275 coniecerant,
817 4209 896 4264 bodie
910 4227 987 4266 necao
1001 4214 1120 4268 horrebit
1133 4215 1143 4281 ΙΙ
1158 4218 1181 4266 6.
1189 4219 1211 4267 7.
1220 4215 1253 4266 ut
1262 4229 1360 4267 censor
1374 4212 1475 4267 creeris

181 4272 298 4338 (creare
317 4285 461 4339 Wcaeaber
478 4285 489 4352 )
508 4283 674 4346 Lambinus,
698 4281 807 4334 iniecto
835 4283 844 4348 u
872 4285 913 4333 12.
938 4281 1008 4335 mihi
1031 4301 1081 4338 om.
1102 4284 1128 4338 G
1155 4287 1164 4353 ΙΙ
1193 4290 1232 4337 15.
1258 4284 1360 4356 solum]
1385 4283 1475 4337 solum

179 4343 282 4407 ‘'fiam
300 4357 350 4424 Ωῃ
366 4361 407 4410 16.
426 4302 564 4408 debentur
583 4353 609 4407 G
622 4356 632 4420 ΙΙ
645 4355 708 4432 tum
721 4351 785 4419 GR,
804 4352 871 4403 tuuc
885 4353 922 4404 M
932 4356 942 4422 ιΙ
957 4360 997 4407 18.
1018 4353 1073 4422 ipsi
1091 4371 1141 4409 om.
1158 4355 1262 4424 61120.
1279 4355 1351 4428 (in)
1367 4356 1475 4409 duobus

188 4406 360 4497 ll'eeeaberp
381 4430 392 4496 u
415 4431 457 4481 22.
476 4441 526 4494 pro
544 4426 579 4489 Ω,
597 4426 710 4493 patroni
729 4438 752 4479 ς.
773 4439 812 4476 aa
830 4422 989 4496 pro(sus>?
1003 4428 1013 4494 ΙΙ
1031 4429 1072 4479 23,
1093 4424 1149 4495 ipsi
1167 4427 1232 4482 odd.
1254 4426 1339 4483 Orelli
1352 4431 1363 4510 l
1375 4433 1418 4482 24.
1437 4427 1475 4481 le-

178 4488 310 4606 310⁸sime
324 4498 380 4579 ,ulii
393 4496 547 4622 llbpeessent
562 4495 617 4550 GR
630 4497 640 4564 ll
653 4499 694 4546 25.
716 4494 765 4564 ld]
785 4509 879 4546 marco
896 4496 959 4563 GR,
978 4513 1076 4565 margo
1095 4496 1133 4550 M
1141 4501 1151 4567 ΙΙ
1166 4503 1207 4553 26.
1228 4501 1294 4551 sunt
1312 4503 1418 4569 scripta
1433 4499 1478 4570 Gt

227 4604 233 4614 -
259 4585 380 4637 suscipio

1225 4660 1262 4711 ὗ.
