3314 5460
142 373 208 437 296
593 369 630 424 n.
650 366 757 422 rrum
775 364 964 422 crcuaorus

143 540 201 601 aut
225 558 296 601 oum
327 532 485 599 Caesare?
515 532 571 616 qui
598 532 761 597 neminem
789 528 1058 614 praetermiserit,
1086 529 1216 614 quicum
1245 527 1342 612 loqui
1370 547 1426 612 po·

144 643 259 722 tuerit,
282 641 334 706 cui
361 660 428 705 non
457 640 569 705 eadem
592 640 657 703 ista
680 637 807 703 dixerit.
853 641 886 700 te
910 640 1033 720 tamen,
1057 636 1102 699 mi
1125 635 1242 722 Brute,
1265 635 1317 699 sic
1342 655 1426 717 amo,

143 754 182 814 ut
209 749 323 830 debeo,
354 746 439 831 quod
471 745 559 811 istud
588 744 743 830 quidquid
772 747 858 809 esset
885 764 1045 828 nugarum
1075 765 1125 806 me
1157 736 1240 807 scire
1272 740 1427 824 voluisti3

110 856 277 941 asignum
301 854 386 919 enim
415 875 568 939 magnum
599 852 720 917 amoris
749 851 877 915 dedisti.
921 872 1012 933 nam,
1035 850 1120 934 quod
1147 849 1235 914 idem
1259 847 1428 934 Segulius,

144 966 313 1026 veteranos
347 959 452 1044 queri,
480 959 565 1042 quod
597 963 635 1023 tu
666 962 699 1023 et
729 955 849 1022 Caesar
881 958 916 1022 in
949 957 1057 1021 decem
1084 955 1163 1020 viris
1194 977 1263 1021 non
1296 955 1425 1038 essetis,
1453 981 1465 1020 5

145 1069 271 1132 utinam
293 1089 333 1132 ne
357 1088 418 1151 ego
443 1066 574 1150 quidem
597 1066 715 1129 essem!
762 1063 840 1148 quid
864 1063 951 1127 enim
977 1063 1170 1129 molestius?
1215 1062 1273 1128 sed
1303 1066 1426 1145 tamen,

146 1196 219 1239 cum
243 1194 304 1258 ego
328 1173 503 1237 sensissem
526 1173 565 1236 de
589 1171 645 1254 eis,
669 1171 724 1255 qni
748 1170 909 1236 exercitus
931 1170 1099 1253 haberent,
1122 1168 1323 1234 sententiam
1346 1168 1427 1233 ferri

147 1284 313 1364 oportere,
340 1280 424 1343 idem
452 1278 516 1362 illi,
544 1279 600 1362 qui
628 1278 750 1360 solent,
773 1277 1011 1361 reclamaruntJ
1025 1277 1137 1361 itaque
1164 1275 1292 1361 excepti
1324 1276 1426 1340 etiam

148 1387 228 1451 estis
251 1408 302 1450 me
330 1385 537 1449 vehementer
564 1388 775 1469 repugnante.
821 1383 973 1468 quocirca
1002 1382 1171 1469 Segulium
1196 1361 1463 1469 neglegamus·

148 1493 205 1576 qui
228 1515 279 1557 res
303 1514 404 1557 novas
429 1491 564 1577 quaerit,
587 1513 653 1556 non
677 1510 741 1575 quo
765 1495 908 1556 veterem
931 1491 1106 1557 comederit
1123 1527 1168 1538 —
1185 1490 1316 1555 nullam
1339 1489 1428 1555 enim
1441 1519 1466 1558 ro

107 1599 263 1667 alrabuit
283 1637 333 1684 —,
357 1599 412 1663 sed
435 1598 518 1663 hane
542 1599 647 1682 ipsam
670 1601 835 1663 recentem
857 1620 976 1663 novam
999 1599 1173 1664 devoravit.
1205 1596 1296 1682 quod
1315 1600 1429 1661 autem

148 1706 265 1771 scribis
288 1710 330 1787 te,
350 1707 434 1789 quod
457 1729 517 1790 pro
537 1710 569 1769 te
594 1706 665 1789 ipso
688 1726 755 1770 non
778 1705 888 1788 facias,
906 1705 939 1769 id
958 1726 1017 1790 pro
1041 1726 1102 1790 me,
1118 1710 1157 1770 ut
1175 1705 1215 1769 de
1234 1725 1288 1768 me
1308 1703 1428 1769 timeas

148 1811 280 1895 aliquid,
304 1811 457 1889 munite,
482 1812 532 1876 vir
556 1811 677 1896 optime
702 1811 846 1896 mihique
870 1812 1035 1877 canusima
1058 1811 1170 1896 Brute,
1193 1812 1233 1876 de
1255 1831 1312 1875 me
1336 1815 1429 1875 metu

147 1918 265 2001 liber03
293 1938 354 2003 ego
378 1918 477 2001 enim,
501 1940 582 2003 quae
606 1917 769 2002 provideri
797 1922 966 2002 poterunt,
987 1941 1055 1984 non
1076 1918 1173 1983 fallar
1194 1918 1231 1983 in
1252 1917 1320 2001 eis,
1345 1938 1428 2001 quae

148 2024 330 2090 cautionem
354 2047 420 2090 non
448 2025 628 2110 habebunt,
651 2026 690 2090 de
719 2025 765 2090 eis
792 2047 858 2090 non
885 2026 934 2090 ita
960 2027 1053 2091 valde
1080 2026 1208 2110 laboro,
1240 2024 1306 2089 sim
1340 2025 1428 2089 enim
1443 2052 1466 2091 ιε

148 2133 331 2217 impudens,
354 2131 382 2195 si
410 2132 483 2216 plus
513 2132 690 2216 postulem,
714 2155 811 2217 quam
839 2132 963 2199 homini
992 2156 1012 2197 a
1039 2155 1147 2198 rerum
1174 2137 1298 2197 natura
1326 2131 1430 2196 tribui

113 2257 129 2304 4
148 2242 264 2323 potest.
312 2239 398 2322 quod
422 2239 502 2302 mihi
526 2239 695 2323 praecipis,
718 2243 755 2304 ut
779 2261 923 2324 caveam,
945 2263 986 2306 ne
1009 2240 1154 2305 timendo
1177 2238 1287 2324 magis
1312 2238 1430 2303 timere

148 2367 255 2429 cogar,
279 2349 312 2410 et
334 2345 499 2429 sapienter
522 2349 556 2409 et
580 2346 776 2411 amicissime
799 2347 973 2432 praecipis;
1001 2347 1058 2411 sed
1088 2345 1185 2410 velim
1208 2346 1274 2410 tibi
1297 2367 1431 2430 persua·

148 2451 236 2536 deas,
264 2456 338 2518 cum
365 2457 398 2517 te
427 2456 554 2517 constet
584 2452 739 2517 excellere
767 2451 829 2516 hoc
859 2473 977 2538 genere
1005 2453 1150 2536 virtutis,
1179 2456 1218 2517 ut
1243 2474 1431 2536 numquam

148 2559 355 2643 extimescas,
385 2582 562 2645 numquam
594 2559 797 2643 perturbere,
829 2581 880 2624 me
912 2559 988 2625 huic
1021 2563 1096 2624 tuae
1127 2558 1244 2624 uirtuti
1279 2559 1431 2642 proxime
1444 2586 1469 2625 n

148 2666 311 2748 accedere3
340 2666 552 2751 quamobrem
579 2688 639 2731 nec
666 2669 777 2731 metuo
801 2667 974 2751 quicquam
997 2671 1031 2731 et
1053 2666 1176 2731 carebo
1204 2667 1328 2731 omnia.
1375 2666 1432 2731 sed

148 2771 235 2855 ride,
261 2794 301 2835 ne
335 2775 392 2835 tua
424 2771 503 2855 iam,
527 2772 572 2835 mi
595 2771 711 2856 Brute,
740 2773 836 2856 culpa
867 2771 979 2837 futura
1011 2772 1068 2854 sit,
1096 2772 1125 2836 si
1157 2792 1219 2857 ego
1250 2772 1432 2857 quicquam

149 2878 296 2961 timeam,
319 2877 386 2942 tuis
405 2878 490 2941 enim
516 2879 633 2962 opibus
656 2882 689 2942 et
712 2877 884 2962 consulatu
907 2882 974 2962 tuo,
992 2879 1123 2943 etiamsi
1141 2877 1248 2943 timidi
1272 2900 1431 2962 essemus,

149 2989 259 3049 tamen
296 3007 424 3049 ornnem
461 2985 613 3049 timorem
651 2984 865 3067 obiceremus,
897 2985 1090 3068 praesertim
1128 3007 1202 3050 cum
1233 3007 1431 3069 persuasum

114 3091 300 3156 comnibus
333 3095 420 3156 esset
453 3092 596 3176 mihique
630 3091 769 3157 maxime
802 3115 821 3155 a
848 3096 881 3156 te
909 3113 971 3156 nos
1003 3093 1097 3157 unice
1129 3092 1232 3177 diligi.
1281 3091 1490 3158 consiliisa.

149 3197 228 3280 tuis,
253 3219 334 3281 quae
363 3198 478 3262 scribis
507 3199 545 3262 de
569 3203 724 3283 quattuor
751 3198 935 3285 legionibus
963 3199 1066 3282 deque
1094 3199 1182 3284 agris
1213 3198 1428 3285 adsignandis

149 3302 190 3367 ab
213 3303 359 3388 utrisque
382 3307 537 3386 vestrum,
559 3305 768 3370 vehementer
790 3304 968 3370 adsentior:
993 3305 1112 3389 itaque,
1131 3327 1205 3371 cum
1229 3306 1368 3389 quidam
1390 3306 1428 3369 de

149 3410 284 3495 collegis
316 3410 439 3474 nostris
472 3410 635 3496 agrariam
672 3411 871 3477 curationem
903 3411 1108 3496 ligurrirent,
1142 3410 1328 3477 disturbari
1359 3433 1428 3477 rem

148 3521 317 3603 totamque
339 3516 435 3582 nobis
464 3519 626 3604 integram
653 3521 823 3585 reservavi.
869 3520 898 3583 si
926 3519 1003 3603 quid
1031 3517 1095 3583 erit
1123 3517 1287 3583 occultius
1316 3521 1365 3603 et,
1389 3525 1425 3582 ut

149 3625 280 3707 scribis,
304 3623 550 3709 ‘reconditum',
575 3649 721 3691 meorum
752 3627 894 3710 aliquem
917 3625 1061 3709 mittam,
1084 3645 1148 3707 quo
1170 3623 1303 3689 fidelius
1327 3625 1368 3689 ad
1391 3629 1477 3693 tet

148 3731 276 3796 litterae
299 3731 511 3816 perferantur.
557 3756 604 3817 pr.
628 3732 712 3797 Non.
737 3733 805 3797 lun.

236 3930 261 3978 4.
280 3941 414 3994 magnum
433 3925 480 3994 M,
499 3924 595 3995 magni
615 3925 674 3979 HD
696 3928 705 3994 ll
730 3931 752 3979 7.
773 3924 826 3996 eis]
845 3925 889 3978 his
910 3928 951 3991 Ψ,
975 3923 1011 3978 iis
1031 3940 1048 3982 ς
1070 3925 1080 3992 ΙΙ
1103 3922 1276 3977 sententiam
1298 3923 1365 3978 farri
1383 3923 1421 3992 Μ,
1446 3935 1490 4000 φ’

149 3995 316 4049 sententiam
339 3995 400 4049 fieri
418 3997 460 4062 D,
486 3995 634 4050 scientiam
656 3997 717 4049 fieri
736 3997 773 4051 Η,
807 4016 827 4051 s.
848 4014 870 4050 c.
890 3997 949 4051 fieri
972 3996 1059 4050 voluit
1079 3994 1164 4049 Orelli
1185 3995 1195 4063 Ι
1218 3999 1261 4049 11.
1285 3999 1490 4060 recentemq

147 4068 261 4139 novam]
288 4070 427 4122 recentem
456 4067 573 4122 Ursinus
595 4075 619 4122 et
643 4069 750 4137 Kleyn,
776 4072 916 4121 recentem
939 4065 1010 4139 <et>
1037 4067 1087 4135 (vel
1111 4064 1198 4137 <ac>)
1225 4081 1332 4119 noram
1353 4068 1490 4130 aaa.

146 4140 224 4207 (‘obs.
243 4139 315 4194 crit’
333 4157 362 4207 p.
378 4140 446 4262 22le
462 4144 502 4218 12.
521 4139 613 4192 facere
632 4141 696 4193 add.
713 4146 775 4207 post
793 4133 882 4192 facias
898 4138 998 4194 Klotz*
1016 4144 1041 4192 n
1054 4137 1199 4218 Lennium
1217 4138 1258 4218 (p
1275 4142 1352 4220 105),
1361 4144 1490 4208 postu

146 4227 196 4332 r
209 4227 262 4334 rr
278 4212 412 4334 {ir-r
435 4210 509 4334 riu
524 4210 939 4351 unriureins
952 4212 1058 4333 *rar
1070 4207 1490 4340 aarum

147 4324 225 4404 tuam
244 4370 260 4409 ς
279 4354 349 4417 1127.
369 4324 562 4423 ab'utrisque]
587 4352 623 4406 ab
647 4326 765 4421 iitroque
788 4323 942 4407 Lambinus
964 4321 1284 4406 adcentientc’dencro
1301 4351 1490 4422 print-1

148 4422 191 4473 Π2
205 4441 234 4490 p.
250 4428 310 4490 313,
331 4430 420 4492 ratque
438 4425 510 4477 illud
528 4426 627 4477 mirum
645 4425 755 4479 diremti
772 4441 865 4493 parus,
883 4425 914 4478 in
930 4423 1055 4478 Cicerone
1070 4421 1233 4490 praeaerts'm
1245 4421 1256 4489 Ι
1269 4425 1313 4477 29.
1332 4420 1490 4478 nobie

147 4493 227 4546 vobis
247 4496 308 4560 olii,
326 4512 382 4546 non
396 4501 465 4563 puto
480 4497 638 4549 necessario.
666 4495 756 4562 nobis,
775 4498 793 4549 i.
808 4512 829 4549 e.
844 4496 962 4560 senatui,
980 4493 1091 4549 omrrino
1106 4493 1223 4561 quaml
1238 4497 1282 4546 30.
1300 4490 1490 4548 mnndi:

148 4564 373 4689 biinieffizffl
384 4565 567 4690 pleconditum
591 4568 750 4636 Wesenberq
764 4573 878 4635 propter
896 4584 936 4635 ep.
956 4571 1003 4632 20,
1018 4570 1048 4633 4,
1071 4579 1128 4617 non
1150 4564 1229 4619 credo
1247 4571 1318 4620 reate
1340 4567 1350 4635 l
1370 4579 1443 4631 qu.e
1459 4581 1490 4616 a
