3314 5460
544 381 799 435 llPlSTVLrtltVM
820 383 890 436 Xlll.
911 389 934 437 l.
955 387 978 436 5.
1000 389 1024 438 tt.

695 597 734 663 v.
767 596 871 686 (309.)

359 758 519 825 cronno
545 759 577 824 s.
596 759 635 824 o.
655 759 692 836 o.
710 758 908 824 VALERIO
934 759 1030 826 anri.
1055 761 1120 826 ra.
1145 761 1211 826 rr.

233 902 311 968 Non
333 903 470 968 moleste
498 902 568 968 fero
596 925 668 967 eam
696 903 981 989 uecessitudinem,
1010 927 1091 988 quae
1121 903 1201 968 mihi
1230 909 1337 970 tecum
1366 912 1457 992 est,1

142 1015 256 1076 notam
280 1032 351 1075 esse
375 1032 473 1095 quam
496 1009 661 1095 plurimis,
689 1032 793 1094 neque
817 1015 927 1074 tamen
951 1011 992 1075 ob
1017 1034 1088 1075 eam
1116 1033 1246 1078 causam
1271 1051 1313 1060 —
1338 1014 1424 1099 quod

115 1123 182 1182 stu
204 1117 328 1203 optime
359 1116 545 1182 existimare
573 1122 668 1201 potes
691 1154 734 1163 —
758 1121 791 1182 te
819 1116 975 1201 impedio,
1008 1141 1071 1202 quo
1100 1119 1207 1183 minus
1236 1127 1424 1207 susceptum

141 1225 313 1312 negotium
335 1246 395 1310 pro
419 1228 477 1289 tua
500 1225 561 1289 fide
585 1229 619 1288 et
642 1223 812 1310 diligentia
836 1246 874 1288 ex
897 1224 1067 1290 voluntate
1091 1224 1252 1313 Caesaris,
1282 1227 1337 1312 qui
1362 1229 1423 1292 tibi

141 1354 212 1397 rem
231 1353 386 1418 magnam
405 1330 634 1416 difficilemque
655 1331 828 1416 commisit,
851 1353 963 1418 gerere
981 1333 1102 1418 possis3
1125 1356 1211 1420 nani,
1234 1358 1307 1400 cum
1327 1336 1423 1400 multi

95 1438 102 1447 ’
141 1462 162 1504 3
184 1461 237 1504 me
260 1443 377 1525 petant
399 1439 516 1523 multa,
545 1438 631 1523 quod
655 1439 694 1503 de
716 1441 775 1502 tua
797 1460 875 1524 erga
899 1462 950 1504 me
974 1440 1142 1504 voluntate
1170 1464 1236 1506 non
1264 1442 1424 1527 dubitent,

141 1568 208 1612 non
227 1547 408 1631 committo,
427 1552 463 1610 ut
478 1544 657 1612 ambitione
671 1568 744 1611 mea
758 1546 948 1611 conturbem
964 1546 1109 1611 officium
1124 1553 1225 1613 tuum.
1260 1547 1294 1613 C.
1310 1546 1423 1614 Curtio
1442 1564 1458 1610 a

102 1678 127 1717 ro
141 1654 183 1719 ab
206 1654 340 1719 ineunte
365 1658 471 1719 aetate
494 1652 748 1718 familiarissime
773 1676 845 1718 sum
864 1675 956 1738 usus3
980 1654 1049 1718 eius
1069 1659 1102 1718 et
1121 1653 1246 1720 Sullani
1266 1657 1423 1741 temporis

140 1760 359 1827 iniustissima
382 1761 569 1828 calamitate
593 1761 681 1825 dolui
706 1765 747 1845 et,
771 1783 845 1825 cum
869 1760 930 1845 eis,
954 1761 1009 1849 qui
1033 1760 1175 1826 similem
1198 1763 1352 1827 iniuriam
1376 1785 1424 1827 ac-

140 1875 305 1955 ceperunt,
328 1868 457 1934 amissis
481 1869 633 1934 omnibus
656 1868 798 1932 fortunis
823 1868 945 1932 reditus
970 1872 1080 1932 tamen
1099 1869 1133 1933 in
1151 1869 1293 1953 patriam
1313 1859 1424 1935 volun·

139 1981 210 2055 tate
234 1977 381 2042 omnium
405 1976 536 2042 concedi
560 1976 737 2058 videretur,
761 1975 891 2039 adiutor
914 1975 1150 2040 incolumitatis
1174 1975 1235 2040 fui:
1265 1976 1293 2040 is
1321 1977 1422 2041 habet

139 2085 176 2148 in
202 2083 422 2150 Volaterrano
454 2083 708 2169 possessionem,
741 2105 814 2148 cum
842 2083 875 2146 in
905 2104 976 2146 eam
1009 2087 1176 2166 tamquam
1204 2106 1221 2147 e
1248 2084 1421 2169 naufragio

100 2215 125 2252 rs
139 2190 296 2277 reliquias
325 2190 533 2274 contulisset,
563 2191 626 2255 hoc
654 2194 763 2254 autem
791 2194 938 2274 tempore
966 2211 1039 2253 eum
1064 2187 1183 2254 Caesar
1211 2190 1245 2253 in
1273 2195 1421 2255 senatum

139 2299 236 2385 legit,
265 2320 362 2384 quem
387 2298 532 2363 ordinem
555 2297 611 2362 ille
634 2297 700 2362 ista
721 2297 928 2382 possessione
956 2295 1076 2361 amissa
1103 2297 1189 2360 tueri
1217 2297 1271 2362 vix
1299 2302 1421 2386 potest3

138 2405 372 2491 gravissimum
396 2409 504 2469 autem
528 2409 587 2490 est,
612 2426 685 2470 cum
709 2404 857 2488 superior
880 2403 985 2469 factus
1010 2402 1054 2468 sit
1078 2403 1202 2488 ordine,
1232 2402 1420 2469 inferiorem

137 2534 209 2577 esse
237 2511 384 2594 fortuna,
416 2510 614 2595 minimeque
642 2510 794 2576 convenit
818 2534 856 2575 ex
880 2534 917 2576 eo
942 2532 1036 2596 agro,
1069 2510 1124 2595 qui
1154 2510 1301 2577 Caesaris
1329 2511 1420 2576 iussu

137 2618 313 2704 (lividatur,
335 2640 410 2683 eum
433 2619 566 2700 moveri,
589 2619 643 2703 qui
669 2616 817 2683 Caesaris
841 2619 998 2684 beneficio
1018 2623 1150 2683 senator
1169 2619 1221 2683 sit.
1263 2618 1319 2682 sed
1339 2618 1454 2682 mihis

94 2751 121 2787 su
137 2725 247 2791 minus
271 2725 355 2790 libet
377 2725 481 2790 multa
503 2725 541 2790 de
566 2726 731 2809 aequitate
755 2726 801 2789 rei
826 2725 981 2811 scribere,
1007 2749 1048 2790 ne
1072 2747 1169 2791 causa
1196 2725 1305 2809 potius
1334 2727 1419 2809 apud

136 2839 172 2898 te
196 2831 338 2898 valuisse
361 2832 471 2897 videar
495 2854 592 2916 quam
617 2832 737 2918 gratia3
762 2834 972 2916 quamobrem
997 2837 1030 2897 te
1054 2834 1088 2896 in
1108 2833 1263 2897 maiorem
1286 2833 1419 2897 modum

135 2961 230 3026 rogo,
248 2944 286 3006 ut
305 2938 338 3005 C.
355 2936 460 3004 Curtii
480 2962 548 3004 rem
568 2961 673 3004 meam
692 2944 786 3024 putes
806 2962 889 3004 esse:
910 2941 1062 3024 quicquid
1083 2962 1154 3004 mea
1174 2962 1271 3004 caiisa
1288 2935 1419 3027 faceres,

134 3053 185 3134 ut,
198 3047 232 3111 id
248 3044 283 3112 C.
298 3045 403 3113 Curtii
419 3069 603 3112 causacum
619 3047 743 3131 feceris,
758 3047 934 3132 existimes,
950 3048 1036 3132 quod
1050 3047 1105 3112 ille
1120 3070 1178 3131 per
1193 3070 1243 3111 me
1258 3047 1418 3134 habuerit,

134 3154 170 3219 id
194 3175 247 3219 me
269 3153 390 3218 babere
414 3175 472 3238 aps
495 3158 538 3218 te.
579 3155 641 3220 hoc
665 3159 697 3218 tc
721 3154 930 3219 vehementer
954 3155 1054 3219 etiam
1078 3159 1175 3239 atque
1200 3155 1299 3220 etiam
1328 3177 1418 3241 rogo.

695 3367 750 3432 vr.
784 3366 865 3455 (33.)

287 3527 330 3593 M.
350 3525 509 3593 crunno
534 3527 569 3605 o.
589 3527 785 3593 vaunaro
812 3529 848 3606 o.
868 3529 903 3593 a
924 3527 1072 3594 onom
1096 3527 1273 3593 raucos.

231 3689 262 3755 S.
281 3713 309 3754 v.
328 3690 358 3755 b.
378 3711 403 3754 3.
423 3712 451 3755 v.
493 3690 588 3755 credo
612 3695 645 3754 te
669 3689 825 3754 memoria
849 3694 959 3753 tenere
983 3711 1033 3752 me
1058 3693 1091 3752 et
1115 3710 1224 3753 coram
1242 3687 1277 3752 P.
1296 3686 1415 3773 Cuspio
1437 3709 1451 3754 1

135 3805 249 3863 tecum
273 3797 420 3862 locutum
444 3819 523 3882 esse,
546 3820 618 3863 cum
644 3802 676 3862 te
696 3813 909 3881 prosequerer
928 3796 1128 3880 paludatum,
1151 3794 1283 3859 etitem
1302 3801 1418 3879 postea

132 3897 286 3991 pluribus
309 3904 417 3970 verbis
442 3911 549 3970 tecum
573 3905 692 3990 egisse,
717 3909 766 3988 ut,
791 3926 1010 3988 quoscumque
1034 3903 1096 3967 tibi
1119 3903 1188 3966 eius
1216 3904 1416 3968 necessarios

84 4040 115 4077 so
133 4012 412 4096 commendarem,
439 4011 576 4076 haberes
605 4033 659 4076 eos
687 4012 722 4076 in
749 4034 884 4075 numero
912 4034 1058 4076 meorum
1086 4009 1355 4075 necessariorum:
1383 4011 1416 4075 id

134 4126 177 4182 tu
203 4140 263 4203 pro
291 4122 349 4182 tua
376 4140 503 4182 summa
530 4140 608 4205 erga
636 4141 687 4183 me
711 4117 932 4183 benivolentia
962 4122 1181 4202 perpetuaque
1210 4117 1417 4182 observantia

134 4224 219 4290 rnihi
242 4224 469 4290 liberalissime
493 4230 591 4309 atque
614 4226 848 4291 humanissime
878 4226 1038 4311 recepisti.
1080 4224 1232 4309 Cuspius,
1260 4224 1358 4289 homo
1382 4225 1451 4290 ina

227 4424 252 4472 5.
271 4415 378 4498 impedi
398 4417 438 4482 M,
459 4416 525 4470 -diri
544 4418 631 4486 111111
653 4425 694 4473 10.
715 4436 775 4471 sum
787 4416 815 4487 11,
837 4425 904 4471 1-2
925 4421 986 4489 litt,
1005 4427 1062 4486 us?,
1081 4437 1159 4485 cras,
1177 4421 1214 4472 M
1224 4423 1233 4487 11
1248 4418 1308 4472 eine
1328 4422 1356 4473 et
1374 4421 1415 4487 M,

133 4489 247 4545 etffl)
268 4492 278 4558 11
301 4487 397 4543 sillani
416 4488 459 4556 H,
478 4489 582 4557 syllani
600 4490 630 4543 D
656 4493 666 4558 11
694 4495 735 4544 11.
755 4489 807 4560 eis]
827 4489 870 4542 his
894 4493 932 4558 Ψ,
951 4491 1022 4550 ἱὶες
1050 4493 1060 4561 11
1087 4496 1129 4546 12.
1149 4491 1179 4543 in
1197 4492 1244 4557 M,
1263 4509 1312 4545 orn.
1333 4490 1395 4545 HD
1408 4502 1417 4553 2¹

133 4566 180 4616 13.
199 4558 299 4631 habet]
318 4558 445 4613 habebat
463 4561 581 4630 Kayser,
599 4563 706 4615 iniuria
728 4564 737 4630 11
762 4567 802 4614 15.
823 4561 931 4615 caesari
949 4561 978 4614 in
999 4563 1035 4616 M
1053 4566 1063 4631 11
1086 4567 1127 4615 16,
1148 4561 1220 4615 tueri
1239 4561 1286 4614 vix
1309 4562 1415 4642 potest]

130 4631 470 4701 efiWillcma‘leae'nut’
491 4632 660 4701 11318933.
687 4635 697 4698 11
725 4637 766 4686 18.
787 4649 819 4686 eo
838 4651 887 4687 om.
909 4633 943 4685 H
965 4636 975 4701 11
1005 4639 1044 4687 19.
1067 4633 1191 4687 amoueri
1211 4634 1240 4687 D
1257 4634 1267 4699 1
1285 4633 1355 4686 mrhi
1374 4635 1415 4701 M,

130 4722 187 4759 orn.
207 4702 268 4756 HD
290 4705 300 4771 11
323 4707 365 4756 23.
385 4702 695 4771 quorumquam
710 4706 783 4758 unde
802 4703 936 4772 quiequid
954 4707 1024 4759 corii.
1045 4706 1143 4759 Baiter
1165 4708 1173 4773 11
1196 4711 1239 4758 27.
1259 4710 1301 4758 28.
1322 4722 1416 4759 coram

129 4774 242 4846 (cum)
262 4772 292 4828 P.
307 4771 409 4843 Cuspio
429 4772 501 4899 bit>
522 4777 615 4829 tecum
638 4777 795 4830 dubitanter
817 4777 923 4848 Tyrrcll
949 4778 959 4846 11
986 4781 1028 4831 30,
1048 4776 1268 4832 necessariorum
1291 4794 1416 4831 nieorum

131 4847 199 4903 111)
211 4852 222 4916 1
235 4850 278 4900 31.
296 4847 348 4899 tua
366 4862 415 4900 our.
470 4845 477 4880 ¹
