3286 5460
655 365 870 426 PRAEFATIO.
1355 364 1405 418 XV

128 534 199 617 ipse
223 532 375 597 habuerit
397 553 439 596 an
462 552 500 595 ea
523 530 618 594 alteri
640 530 799 594 volumini
825 529 954 593 aliunde
978 530 1150 594 accesserit
1176 532 1350 612 postquam
1374 529 1406 592 id

127 661 148 704 a
166 639 275 724 priore
294 639 328 703 in
346 637 511 723 plerisque
530 636 685 720 exemplis
708 658 843 721 prorsus
862 636 1046 701 seiunctum
1064 640 1115 700 est
1134 657 1272 719 suasque
1291 635 1408 699 habuit

127 745 378 828 vicissitudines,
402 744 590 809 obscurum:
614 743 676 808 hoc
700 749 809 808 tamen
834 743 914 807 mihi
937 743 1149 826 probabilius.

217 874 300 936 quae
319 874 394 916 cum
413 852 461 915 ita
484 850 560 934 sint,
585 850 766 914 consultius
790 849 919 914 mittere
943 849 1075 914 omnino
1100 849 1225 914 incerta
1247 858 1280 914 et
1303 849 1406 914 redire

127 960 169 1023 ad
192 965 291 1043 certa,
313 960 334 1022 i.
353 981 380 1023 e.
399 959 440 1023 ad
459 979 514 1022 eos
536 979 618 1041 quos
640 955 798 1021 habemus
822 956 957 1022 codices.
996 955 1026 1019 ei
1050 959 1159 1019 autem
1183 978 1256 1021 cum
1279 960 1407 1040 praeter

127 1065 309 1130 Mediceum
341 1070 477 1130 octonos
510 1062 631 1148 singuli
662 1061 806 1127 habeant
837 1062 953 1145 libros,
984 1083 1131 1126 seorsum
1162 1066 1299 1147 utraque
1331 1084 1406 1145 pars

127 1172 305 1256 spectanda
337 1174 402 1254 est,
435 1191 499 1253 quo
530 1169 636 1252 qualis
668 1169 843 1253 utrobique
876 1168 1051 1234 memoriae
1080 1166 1218 1232 traditae
1249 1168 1293 1232 sit
1322 1169 1406 1233 ratio

127 1282 293 1362 appareat.
324 1277 457 1343 initium
476 1280 586 1339 autem
604 1274 788 1340 faciendum
807 1298 826 1340 a
844 1275 989 1340 Mediceo
1010 1274 1128 1358 codice,
1147 1280 1184 1338 ut
1203 1275 1258 1360 qui
1277 1276 1407 1358 utrique

126 1384 215 1469 parti
234 1384 279 1450 sit
297 1382 508 1448 adhibendus.
518 1380 544 1469 ¹)
579 1386 669 1446 extat
687 1381 790 1467 igitur
809 1383 844 1447 in
862 1382 1062 1448 bibliotheca
1081 1380 1300 1447 Laurentiana
1317 1383 1408 1446 codex

127 1493 287 1557 Mediocris
304 1491 391 1573 49,9
411 1485 506 1576 (olim
524 1512 555 1555 n.
570 1485 663 1575 309):
688 1487 737 1565 M,
756 1489 812 1552 alt.
832 1493 915 1553 cent.
934 1491 987 1574 23,
1009 1489 1065 1553 lat.
1085 1490 1137 1572 20,
1159 1488 1314 1554 foliorum
1332 1488 1406 1552 270.
1419 1502 1453 1556 M

126 1597 357 1682 quaterniones
380 1600 458 1660 sunt
477 1593 629 1679 XXXIII,
653 1616 791 1678 quorum
813 1596 939 1660 numeri
962 1595 997 1660 in
1019 1597 1082 1660 fine
1107 1594 1310 1681 singulorum
1332 1617 1407 1679 qua-

126 1705 315 1769 ternionum
347 1702 460 1768 additi.
510 1701 649 1784 scriptus
683 1706 734 1765 eat
766 1702 878 1784 codex,
911 1706 948 1765 ut
981 1702 1061 1766 mihi
1089 1700 1282 1785 Caesarique
1314 1700 1407 1765 Paoli

126 1811 235 1877 visum
263 1847 305 1857 -
333 1810 390 1873 alii
417 1809 452 1872 in
484 1829 568 1872 saec
584 1806 631 1872 IX
662 1808 847 1891 provehunt
875 1845 931 1892 -,
958 1831 982 1873 s.
1001 1807 1112 1892 leX,
1144 1809 1281 1891 indeque
1310 1807 1407 1892 expli-

127 1918 267 1984 candum
287 1917 374 2001 quod
398 1915 528 1980 litterae
547 1915 643 1980 modo
666 1915 806 1998 speciem
825 1919 988 1980 vetustam
1010 1914 1185 1980 habant-
1204 1915 1293 1980 velut
1311 1935 1407 1998 saepe

127 2026 164 2088 in
183 2046 202 2088 a
219 2023 333 2087 littera
350 2059 395 2069 —
414 2022 509 2087 modo
534 2026 710 2087 recentem:
738 2027 910 2106 superatur
934 2027 1021 2087 certe
1045 2026 1152 2086 aetate
1176 2021 1319 2085 aTaciti
1342 2019 1407 2084 Me

128 2128 264 2194 diceoL
302 2130 443 2212 scriptus
462 2135 513 2193 eat
532 2151 551 2192 a
569 2122 719 2193 manibus
742 2128 900 2212 pluribus.
934 2128 1151 2194 correctiones
1175 2128 1287 2192 insunt
1308 2127 1408 2211 pluri·

126 2257 199 2300 mae
222 2241 291 2299 tam
319 2240 468 2300 vetustae
497 2257 594 2319 quam
618 2241 772 2300 recentes.
816 2257 877 2322 ego
907 2258 961 2300 eas
985 2236 1202 2300 correctiones
1227 2255 1307 2320 quae
1331 2236 1408 2298 sunt

126 2365 148 2406 a
167 2342 310 2406 librariis
329 2341 409 2425 ipsis
428 2341 604 2426 profectae,
625 2339 678 2406 M¹
697 2347 776 2406 nota
794 2342 986 2428 significari,
1005 2342 1086 2407 alias
1106 2364 1187 2425 quae
1207 2345 1283 2405 sunt
1301 2340 1407 2405 factae
1421 2353 1469 2408 Μι

126 2468 147 2512 a
167 2447 317 2512 manibus
336 2447 486 2530 pluribus
507 2470 590 2512 saec.
608 2447 757 2530 X—XlI,
778 2448 833 2511 Μο
851 2453 939 2534 nota,
963 2449 1100 2533 denique
1124 2449 1204 2512 alias
1229 2468 1311 2531 quae
1330 2450 1467 2515 suntne

128 2555 242 2618 illatae
264 2559 341 2638 post
363 2555 508 2639 21389,
533 2556 552 2619 i.
572 2559 692 2638 apost
715 2555 872 2638 scriptum
896 2556 1120 2641 apographum
1144 2553 1407 2637 antiquissimum

127 2660 213 2726 Mea
232 2662 290 2743 49,
311 2662 328 2725 l
353 2657 405 2747 (P,
428 2682 456 2724 v.
476 2659 585 2749 infra),
609 2662 671 2726 Μ’.
713 2662 772 2726 has
793 2663 1009 2727 correctiones
1029 2662 1234 2727 coniecturae
1257 2660 1329 2725 loco
1352 2660 1468 2728 ha·M¹

127 2767 250 2832 bendas
270 2788 341 2831 esse
359 2770 460 2851 patet,
478 2766 531 2831 Μο
550 2772 665 2832 contra
678 2767 854 2853 diligenter
868 2789 933 2833 uno
948 2790 1076 2852 quoque
1091 2768 1163 2833 loco
1178 2767 1407 2832 examinandae

127 2878 205 2936 sunt
229 2878 343 2956 utpote
367 2878 522 2956 exparte
546 2873 683 2938 haustae
711 2896 752 2939 ex
780 2874 937 2939 memoria
964 2880 1106 2957 vetusta,
1136 2872 1184 2939 ΜΙ
1208 2875 1340 2958 plurimi
1363 2874 1408 2937 fa-

127 2978 269 3044 ciendae.
306 3001 402 3063 saepe
422 2985 531 3045 autem
551 2978 746 3071 11311111ῐ
765 3002 830 3044 non
845 2981 926 3045 satis
942 2982 1089 3066 dignosci
1104 2986 1251 3065 possunt,
1269 2981 1408 3046 maxime

126 3087 185 3151 ubi
207 3107 274 3150 una
295 3087 408 3151 littera
430 3092 557 3151 mutata
579 3092 630 3151 est
654 3092 712 3151 aut
733 3092 855 3172 puncta
878 3087 1021 3153 lineaeve
1045 3089 1283 3172 superpositae:
1307 3110 1345 3152 ac
1367 3109 1408 3150 ne

126 3214 166 3257 ex
190 3191 217 3256 P
241 3193 373 3276 quidem
396 3198 485 3258 certa
508 3193 697 3258 diiudicatio
726 3216 853 3277 semper
880 3195 948 3279 peti
976 3199 1100 3278 potest,
1128 3194 1281 3279 quoniam
1308 3193 1406 3277 primi

125 3299 198 3363 eius
221 3298 349 3364 librarii
372 3297 441 3385 (ΡΙ)
464 3322 531 3364 non
554 3322 666 3366 omnes
695 3302 892 3364 mutationes
916 3322 936 3363 a
958 3297 1007 3364 Μ1
1034 3301 1084 3365 vel
1108 3300 1160 3364 Μο
1186 3300 1290 3364 factas
1318 3321 1407 3364 cura-

126 3411 247 3469 verunt
270 3406 326 3470 sed
350 3407 563 3498 neglexerunt
586 3411 620 3470 et
641 3412 792 3490 posterae
815 3408 945 3472 demum
969 3429 1084 3471 manus
1108 3405 1181 3490 (Ρῖ)
1206 3429 1260 3471 eas
1279 3407 1313 3471 in
1333 3428 1407 3490 apo·

125 3511 255 3597 grapho
284 3518 491 3578 notaverunt.
514 3550 559 3560 -
582 3512 646 3577 fuit
674 3514 774 3578 codex
803 3513 882 3578 olim
909 3512 1081 3596 Vercellis,
1114 3512 1314 3577 Florentiam
1344 3535 1408 3597 qua

127 3620 256 3684 ratione
280 3642 384 3703 quove
408 3626 555 3704 tempore
578 3620 706 3684 venerit
727 3619 817 3702 latet,
840 3619 964 3685 factum
988 3620 1021 3683 id
1044 3625 1154 3683 tamen
1177 3624 1301 3703 posta.
1325 3620 1407 3682 1389

126 3731 160 3789 et
185 3730 261 3790 ante
285 3748 312 3791 a
333 3727 430 3811 1406,
451 3727 471 3792 i.
491 3749 517 3790 e.
541 3730 617 3790 ante
642 3731 781 3790 mortem
805 3725 971 3809 Colucii.²)
1014 3726 1149 3791 ultimae
1172 3725 1309 3811 paginae
1333 3747 1407 3808 pars

124 3883 608 4008 larumqudqatqiqlpffugqqaffll
626 3889 658 3936 16
678 3886 707 4008 alt
725 3883 771 3952 IX,
789 3887 842 4007 1⁸4)t
850 3886 949 4007 elqtant
967 3882 1052 4007 etiiam
1073 3884 1101 3935 in
1121 3882 1407 4007 colleottionqdepiiptu-

124 4029 240 4096 praeter
258 4042 335 4078 meos
354 4025 464 4079 codices
484 4025 540 4079 nisi
558 3972 899 4094 libmrirmedicbhlrhultls,
915 3971 1055 4080 litqzmseerb1
1067 3971 1141 4079 eiiii
1165 3972 1202 4078 id
1217 3972 1269 4078 hle
1294 3970 1408 4078 adlatis}

126 4101 195 4149 sunt
213 4097 241 4149 C.
257 4098 290 4150 Δ.
306 4097 460 4149 Lehmanni
479 4113 542 4150 cum
565 4097 729 4150 retractatio
754 4096 885 4150 editionis
908 4096 1134 4150 Hoimannianae
1158 4100 1218 4149 tum
1243 4096 1337 4165 ampla
1362 4096 1408 4149 ‘de

125 4167 269 4221 Ciceronis
284 4167 321 4220 ad
334 4167 460 4220 Atticum
474 4167 603 4237 epistulis
617 4167 795 4221 recensendis
809 4171 838 4221 et
851 4168 1045 4221 emendandis'
1062 4167 1269 4235 commentati0,
1284 4172 1407 4220 extremo

124 4256 161 4292 ea
185 4255 210 4292 a.
232 4244 300 4291 1892
325 4238 411 4293 edita.
450 4239 583 4291 damnum
606 4242 701 4292 tamen
730 4239 799 4292 haec
823 4239 910 4293 editio
935 4239 975 4293 sic
998 4256 1054 4293 non
1077 4243 1121 4293 est
1143 4256 1239 4309 passa:
1269 4256 1334 4291 nam
1357 4255 1408 4292 nec

125 4313 225 4362 nostra
244 4309 383 4378 epistulae
402 4309 476 4378 VHl,
492 4316 524 4362 16
544 4309 728 4363 conformatio
747 4310 869 4364 notabili
887 4310 947 4362 ulla
966 4311 994 4362 in
1013 4327 1041 4364 re
1057 4310 1152 4364 differt
1166 4329 1183 4363 a
1197 4309 1409 4363 Lchmanniana

126 4384 156 4433 et
176 4396 249 4448 quae
268 4380 396 4434 universe
416 4381 451 4434 de
470 4380 599 4450 epistulis
619 4380 752 4434 miscellis
771 4381 825 4435 hac
844 4381 873 4433 in
887 4382 1061 4451 praefatione
1076 4381 1219 4451 disputavi
1234 4381 1329 4434 aliena
1343 4385 1409 4435 sunt

125 4453 163 4504 ab
184 4450 236 4504 illa
254 4451 510 4522 commentatione]

217 4525 244 4592 2)
268 4524 394 4577 Vercellis
418 4523 544 4576 codicem
567 4523 635 4576 olim
662 4523 750 4576 fuisse
773 4527 880 4577 certum
903 4529 946 4576 est
969 4525 1014 4593 (cf.
1035 4542 1097 4578 ann.
1118 4524 1185 4593 phil.
1207 4530 1276 4578 1884
1294 4543 1321 4593 p.
1336 4530 1408 4593 852),

125 4594 266 4646 incertum
286 4597 315 4647 et
332 4595 445 4662 quando
463 4594 531 4647 illuc
546 4595 655 4648 venerit
669 4598 697 4647 et
711 4595 792 4649 unde.
825 4599 918 4664 potest
932 4596 991 4649 fieri
1007 4599 1038 4648 ut
1052 4596 1187 4649 advectus
1202 4595 1240 4648 sit
1254 4596 1290 4649 ab
1304 4598 1408 4649 Attone

125 4665 260 4734 episcopo
281 4669 455 4735 (aaa-961)
474 4682 557 4734 quem
579 4669 624 4719 sat
647 4665 803 4719 litteratum
827 4666 913 4719 fuisse
937 4667 1039 4719 scimus
1059 4667 1104 4733 (cf.
1125 4666 1174 4720 Iul.
1191 4666 1305 4720 Schultz
1330 4667 1407 4720 ‘Atto

125 4753 181 4789 von
201 4735 333 4789 Vercelli’
356 4737 422 4791 diss.
443 4736 569 4805 Gotting.
591 4742 659 4790 1885
678 4757 703 4806 p.
720 4742 828 4807 disq),
853 4754 1023 4805 quamquam
1045 4738 1121 4790 illius
1145 4738 1173 4791 in
1198 4739 1282 4792 editis
1307 4738 1407 4792 saltem

124 4807 270 4877 opusculis
290 4813 345 4877 (ap.
361 4808 448 4877 Mign.
468 4811 540 4877 patr.
556 4808 616 4863 Lat.
636 4813 656 4863 t.
673 4814 733 4877 134)
754 4827 803 4862 nec
818 4808 958 4863 Ciceronis
978 4827 1029 4862 nec
1044 4809 1129 4863 ullius
1143 4809 1287 4880 scriptoris
1303 4811 1407 4879 pagani
