3314 5460
650 375 688 430 Μ.
707 374 814 429 TVLLI
832 373 1022 430 CICERONIS

717 589 825 657 nvn.
858 590 963 677 (224.)

422 733 582 800 cronno
609 732 641 798 s.
664 732 702 797 n.
727 731 986 799 connisicio
1011 731 1257 799 concnam.

169 895 178 939 1
290 876 392 941 Grata
415 876 496 942 mihi
520 876 728 941 vehementer
751 880 802 940 est
825 877 983 941 memoria
1004 877 1109 940 nostri
1133 882 1203 960 tua,
1233 899 1331 959 quam
1357 876 1485 961 signifi·

200 984 280 1047 casti
301 984 434 1068 litteris3
455 1006 552 1068 quam
571 989 609 1048 ut
628 1005 808 1066 conserves,
826 1005 893 1047 non
912 1005 975 1067 quo
991 983 1029 1047 de
1045 987 1102 1046 tua
1121 983 1306 1047 constantia
1324 982 1486 1065 dubitem,

200 1092 255 1154 scd
280 1091 356 1173 quia
380 1113 450 1156 mos
474 1096 525 1155 est
548 1089 596 1154 ita
619 1091 771 1176 rogandi,
795 1110 885 1174 rogo.
926 1113 965 1154 ex
990 1088 1085 1173 Syris
1106 1090 1202 1153 nobis
1226 1088 1486 1182 tumultuosiora
1513 1111 1525 1150 2

200 1198 358 1280 quaedam
381 1198 531 1262 nuntiata
555 1200 644 1280 sunt,
668 1218 763 1281 qnae,
792 1197 869 1280 quia
892 1196 954 1261 tibi
978 1201 1055 1261 sunt
1077 1196 1232 1280 propiora
1254 1218 1353 1280 quam
1377 1196 1486 1278 nobis,

200 1308 257 1368 tua
280 1327 331 1368 mc
361 1326 458 1368 causa
486 1304 591 1390 magis
620 1307 752 1368 movent
780 1325 878 1387 quam
906 1325 986 1367 mea.
1032 1302 1157 1367 Romae
1184 1324 1349 1367 summum
1378 1303 1486 1367 otium

201 1415 260 1493 est,
285 1411 340 1474 sed
363 1411 420 1494 ita,
443 1415 481 1475 ut
504 1410 599 1474 malis
624 1410 753 1474 salubre
776 1410 909 1493 aliquod
933 1414 966 1473 et
989 1409 1164 1474 honestum
1186 1395 1373 1496 negotium:
1398 1410 1487 1495 quod

166 1535 296 1601 aspero
320 1517 403 1600 fore;
432 1518 525 1582 video
554 1517 586 1580 id
610 1540 705 1582 curae
733 1539 803 1581 esse
827 1516 968 1583 Caesari.
1011 1539 1061 1581 mc
1090 1517 1290 1623 scito„dum
1319 1521 1358 1581 tu
1386 1518 1488 1601 apsis,

202 1625 295 1707 quasi
320 1625 520 1688 occasionem
546 1625 707 1707 quandam
736 1628 769 1688 et
791 1625 958 1688 licentiam
985 1627 1118 1688 nactum
1149 1624 1290 1688 scribere
1318 1622 1488 1704 audacius,
1502 1645 1527 1682 io

202 1734 235 1794 22
258 1734 366 1795 cetera
389 1731 518 1815 quidem
542 1731 696 1814 fortasse,
725 1753 806 1814 quae
830 1730 930 1795 etiam
959 1735 995 1794 tu
1019 1730 1223 1812 concederes,
1251 1730 1305 1794 sed
1336 1730 1487 1814 proxime

203 1836 319 1921 scripsi
343 1838 381 1901 de
406 1838 531 1921 optimo
555 1858 672 1922 genere
697 1837 836 1921 dicendi,
867 1838 989 1922 inquo
1013 1859 1108 1920 saepe
1137 1837 1321 1921 suspicatus
1350 1859 1426 1900 sum
1454 1841 1488 1901 te

203 1967 221 2008 a
244 1944 364 2008 iudicio
387 1947 515 2025 nostro,
544 1944 590 2008 sic
615 1944 753 2027 scilicet,
784 1948 821 2007 ut
844 1944 977 2008 doctum
999 1943 1165 2008 hominem
1189 1943 1230 2007 ab
1253 1965 1319 2007 non
1342 1942 1488 2026 indocto,

204 2050 337 2135 paulum
361 2051 529 2115 dissidere:
558 2049 634 2115 huic
657 2056 694 2115 tu
717 2051 802 2115 libro
827 2052 966 2115 maxime
991 2051 1087 2115 velim
1110 2072 1149 2114 ex
1173 2050 1290 2132 anim0,
1314 2050 1344 2113 si
1368 2050 1489 2135 minus,

204 2157 329 2241 gratiae
353 2179 450 2221 causa
474 2157 658 2242 suffragere.
701 2158 805 2222 dicam
829 2159 909 2241 tuis,
931 2163 969 2222 ut
993 2180 1080 2234 eum,
1104 2157 1132 2221 si
1156 2155 1270 2241 velint,
1297 2157 1488 2222 describant
1502 2177 1526 2216 a

204 2265 243 2327 sd
269 2269 364 2347 teque
390 2264 537 2347 mittant;
566 2269 645 2348 puto
670 2263 769 2346 enim,
800 2265 928 2329 etiamsi
952 2287 1020 2330 rem
1045 2263 1152 2327 minus
1176 2263 1349 2348 probabis,
1375 2269 1488 2328 tamen

205 2371 238 2433 in
262 2371 326 2435 ista
349 2370 534 2455 solitudine,
559 2371 710 2455 quicquid
734 2394 753 2434 a
776 2394 827 2435 me
846 2370 1030 2455 profectum
1054 2370 1106 2451 sit,
1128 2369 1304 2434 iucundum
1325 2370 1388 2434 tibi
1408 2370 1487 2434 fore.

170 2477 291 2560 aquod
316 2477 397 2541 mihi
421 2477 697 2542 existimationem
720 2482 810 2541 tuam
830 2477 1089 2562 dignitatemque
1109 2477 1326 2560 commendas,
1349 2477 1433 2542 facis
1453 2482 1488 2541 tu
1536 2546 1540 2553 ,

206 2584 336 2667 quidem
355 2585 500 2648 omnium
519 2605 618 2668 more,
638 2585 693 2648 scd
714 2583 811 2647 velim
830 2585 876 2648 sic
896 2564 1072 2667 existimes
1092 2607 1142 2648 me
1162 2606 1235 2648 cum
1256 2584 1370 2666 amori,
1391 2605 1489 2667 quem

205 2691 365 2755 internos
380 2696 530 2755 mutuum
546 2714 615 2755 esse
631 2691 830 2776 intellegam,
849 2690 1026 2774 plurimum
1041 2690 1193 2774 tribuam,
1213 2694 1284 2754 tum
1299 2690 1338 2754 de
1358 2711 1489 2754 summo
1503 2714 1528 2752 eo

206 2798 336 2882 ingenio
361 2803 393 2862 et
417 2800 455 2862 de
479 2798 597 2863 studiis
622 2798 687 2862 tuis
712 2797 845 2882 optimis
869 2798 963 2861 etde
988 2819 1044 2880 spe
1068 2797 1288 2881 amplissimae
1314 2797 1489 2882 dignitatis

206 2903 253 2966 ita
275 2904 427 2986 iudicare,
451 2909 487 2968 ut
509 2905 671 2969 neminem
695 2904 757 2968 tibi
781 2908 986 2988 anteponam,
1010 2925 1196 2986 comparem
1219 2926 1350 2988 paucos.

716 3134 836 3201 xvnr.
870 3133 975 3222 (ssa)

430 3276 589 3344 cronno
616 3277 646 3344 s.
674 3280 710 3343 u.
735 3276 993 3344 coanisaoio
1019 3273 1263 3342 conusens.

177 3444 186 3488 1
297 3419 389 3496 Quod
413 3425 593 3485 extremum
616 3421 681 3485 fuit
703 3422 737 3485 in
761 3444 799 3485 22
822 3421 971 3505 epistula,
995 3442 1092 3504 quam
1112 3442 1131 3484 2
1150 3425 1183 3484 22
1201 3420 1352 3505 proxime
1373 3420 1529 3505 accepia

209 3529 248 3592 ad
271 3528 305 3591 id
328 3529 469 3612 primum
493 3529 709 3613 respondebo,
739 3529 884 3592 animum
907 3527 1035 3590 advorti
1060 3527 1145 3591 enim
1173 3526 1236 3592 hoc
1263 3549 1323 3592 vos
1353 3548 1491 3613 magnos

208 3639 353 3700 oratores
382 3635 487 3700 facere
515 3657 772 3718 nonnumquam:
801 3633 958 3718 epistulas
987 3633 1126 3716 requiris
1155 3655 1257 3717 meas,
1287 3655 1351 3718 ego
1383 3638 1492 3699 autem

207 3765 398 3826 numquam,
430 3764 502 3806 cnm
535 3742 616 3805 mihi
648 3741 874 3805 denuntiatum
903 3743 991 3803 essct
1018 3762 1037 3802 a
1064 3740 1131 3804 tuis
1159 3741 1206 3804 ire
1234 3740 1396 3824 aliquem,
1427 3760 1493 3804 non

208 3849 289 3913 dedi.
331 3850 417 3932 quod
440 3848 521 3913 mihi
545 3849 656 3913 videor
679 3869 718 3911 ex
737 3847 802 3911 tuis
822 3845 942 3909 litteris
962 3845 1162 3930 intellegere,
1185 3851 1217 3910 te
1236 3846 1320 3909 nihil
1341 3846 1493 3911 commis·

209 3978 321 4019 surum
349 3977 419 4019 esse
448 3963 569 4020 temere
596 3976 654 4019 nec
683 3958 771 4037 ante,
805 3975 902 4036 qnam
936 3953 1067 4037 scisses,
1099 3974 1163 4035 quo
1196 3952 1258 4016 iste
1292 3953 1407 4018 nese-io
1439 3951 1530 4037 quise

209 4061 369 4127 Caecilius
393 4062 516 4125 Bassus
540 4065 736 4144 erumperet,
767 4060 940 4143 quicquam
965 4058 1045 4123 certi
1069 4059 1342 4141 constituturum,
1372 4059 1405 4124 id
1433 4080 1494 4144 ego

298 4260 322 4308 2.
343 4252 485 4308 carnificio
505 4253 543 4307 Η.
572 4261 595 4307 et
614 4255 653 4307 sic
670 4269 752 4321 porro
767 4254 776 4321 ΙΙ
791 4258 814 4306 6.
834 4250 887 4305 tibi
907 4254 973 4305 sunt
991 4252 1032 4319 M,
1053 4253 1119 4304 sunt
1135 4249 1190 4304 tibi
1210 4250 1272 4304 HD
1285 4254 1295 4319 ll
1313 4257 1340 4305 8.
1362 4253 1393 4306 22
1410 4251 1494 4306 hone·

209 4329 284 4378 stum
303 4325 371 4391 HD,
391 4325 575 4378 exhonestum
594 4325 630 4377 M
641 4325 650 4391 ss
672 4330 695 4376 9.
716 4339 798 4377 curae
818 4340 878 4376 2222
899 4321 1019 4377 Caesari.
1048 4338 1093 4375 ms
1112 4321 1196 4393 scito]
1216 4338 1300 4375 curae
1319 4338 1385 4377 esse
1404 4339 1494 4377 22222

209 4414 253 4450 me
272 4396 328 4450 cito
347 4396 389 4463 M,
409 4413 491 4449 curae
511 4411 572 4449 esse
591 4394 698 4448 caesari
717 4394 816 4448 merito
837 4394 898 4447 HD
912 4396 921 4462 ΙΙ
935 4394 1002 4447 abes
1023 4394 1176 4448 Lambinus
1197 4395 1207 4461 ll
1226 4398 1268 4446 13.
1288 4410 1306 4445 2
1326 4392 1436 4449 iudicio
1455 4393 1495 4460 M,

210 4467 314 4521 iudicio
334 4467 395 4520 HI)
409 4469 418 4536 ll
434 4472 473 4520 15.
496 4467 647 4535 suffragare
667 4467 707 4532 M,
728 4465 882 4536 suffragare
900 4465 960 4519 HD
973 4467 982 4533 11
997 4470 1038 4519 16.
1058 4463 1208 4555 probabis]
1224 4463 1358 4532 probaris
1375 4466 1494 4520 amaa.

209 4542 244 4604 cs.
265 4540 343 4593 01⁶.
362 4539 523 4592 wanno-r
543 4537 597 4592 Cic.
617 4555 659 4606 op.
679 4538 742 4605 ll,1
763 4539 844 4605 adp.
861 4543 902 4603 71,
919 4542 929 4588 1
948 4538 957 4604 ΙΙ
973 4540 1013 4589 17.
1034 4535 1083 4606 212]
1104 4538 1147 4589 222
1170 4536 1334 4606 1122222229
1358 4540 1369 4606 l
1393 4541 1434 4590 19.
1454 4550 1496 4589 ms

210 4626 272 4662 cum
292 4609 381 4663 amori
400 4610 437 4677 D,
456 4626 500 4663 me
520 4627 582 4662 cum
602 4624 695 4662 amore
715 4608 753 4675 H,
774 4626 881 4662 mecum
902 4607 972 4660 mori
992 4607 1112 4676 1111120.
1132 4605 1300 4674 intelligor
1325 4610 1337 4677 11
1360 4606 1498 4678 tribuam]

210 4680 332 4734 tribuere
352 4681 504 4735 Lambinus
518 4684 527 4747 ll
541 4686 583 4735 26,
602 4679 756 4748 respondeo
776 4680 809 4732 H
821 4683 830 4748 Η
844 4679 968 4733 animum
988 4682 1055 4746 (mo
1076 4678 1120 4748 M)
1138 4677 1250 4730 aduerti
1270 4676 1359 4748 HDn
1379 4696 1430 4733 vos
1449 4680 1499 4733 del.

211 4751 246 4872 pl.
263 4751 339 4805 01222
358 4755 419 4818 (riv.
439 4754 468 4805 di
487 4754 551 4818 filol.
572 4753 647 4806 21222.
668 4750 738 4804 XVI.
761 4757 837 4805 1888.
855 4770 883 4820 p.
900 4753 972 4818 30⁸2),
991 4751 1100 4804 1212222
1117 4752 1127 4818 ΙΙ
1148 4754 1191 4802 28.
1211 4750 1299 4820 esset]
1320 4754 1368 4803 est
1393 4751 1500 4805 Wesen-

229 4838 273 4889 erp
287 4827 295 4888 u
310 4827 352 4872 30.
372 4822 457 4874 scires
479 4824 510 4875 H
