3286 5460
240 367 316 420 XXX
775 365 989 424 PRAEFATIO.

331 534 458 595 mutata
485 531 615 594 taudem
643 552 694 594 res
723 535 774 594 est
800 552 826 593 a
848 530 943 595 1874.
988 552 1065 593 nam
1089 529 1201 593 eodem
1225 527 1292 591 fere
1315 531 1464 611 tempore
1487 534 1524 593 et

243 637 299 700 Fr.
314 636 400 700 Roas
420 636 612 701 Harleianos
632 637 706 702 illos
725 637 852 703 codices
867 634 1019 699 Londinii
1038 633 1235 699 examinavit
1254 637 1406 718 recteque
1425 635 1525 699 aesti-

242 743 345 807 mavit
363 740 407 829 (v.
427 765 508 807 mus.
527 743 629 807 Rhen.
649 748 670 807 t.
689 741 781 807 XXX
798 765 829 827 p.
844 740 959 826 stq.)
979 746 1013 805 et
1034 740 1104 806 Cor.
1121 740 1241 805 Thorot
1257 740 1401 806 codicem
1421 741 1524 806 Turo-

241 871 374 914 nensem
399 848 441 936 (v.
461 872 490 933 p.
511 848 623 914 XVIII
642 849 714 913 adn.
730 848 765 934 2)
788 872 854 914 uon
878 870 974 932 posse
994 847 1133 911 derivari
1157 868 1196 910 ex
1216 845 1361 911 Mediceo
1379 848 1543 931 pronun-'

241 957 346 1020 tiavit.
392 980 456 1042 quo
484 978 558 1021 cum
586 955 753 1021 accederet
776 954 933 1020 Wunderi
963 953 1116 1019 iudicium
1145 953 1184 1017 dc
1214 951 1300 1017 libro
1323 952 1524 1037 Erfurtensi,

241 1063 336 1145 plane
360 1063 392 1126 id
416 1064 482 1127 iam
505 1063 745 1143 confirmatum,
774 1062 860 1125 haud
884 1061 983 1125 dubia
1006 1061 1118 1124 extitit
1140 1058 1317 1124 necessitas
1347 1061 1450 1124 totius
1473 1062 1523 1124 rei

241 1170 371 1252 penitus
385 1169 643 1261 perscrutandae.
677 1173 874 1252 quapropter
895 1191 966 1254 ego,
986 1169 1042 1251 qui
1057 1189 1084 1231 a.
1101 1167 1187 1231 1875
1201 1165 1384 1242 Mediceum
1398 1167 1522 1231 librum

242 1276 498 1359 exploraveram,
527 1277 627 1340 etiam
655 1281 780 1341 ceteros
804 1276 944 1360 codices,
971 1280 1147 1359 postquam
1170 1273 1310 1337 societas
1334 1274 1413 1337 olim
1444 1296 1522 1338 cum

241 1381 362 1445 Rubrio
386 1383 470 1446 inita
493 1383 615 1447 exitum
639 1404 703 1446 non
723 1382 848 1466 habuit,
873 1382 951 1445 mihi
971 1380 1179 1446 excutiendos
1199 1381 1323 1463 sumpsi
1342 1380 1521 1463 profectus-

242 1510 304 1573 que
337 1511 365 1553 a.
390 1490 476 1554 1882
509 1489 543 1552 in
570 1487 721 1571 Europae
752 1494 863 1572 partes
896 1488 1110 1554 occidentales
1139 1489 1172 1550 et
1198 1506 1297 1569 puros
1326 1486 1427 1551 libros
1457 1508 1524 1570 qua

242 1596 335 1678 potui
369 1595 539 1680 diligentia
572 1595 695 1659 contuli
727 1599 761 1658 et
793 1595 975 1659 examinavi
1007 1593 1256 1659 contaminatos.
1308 1593 1387 1658 haec
1419 1593 1527 1678 igitur

243 1699 343 1764 editio
371 1701 478 1784 prima
505 1701 605 1766 habet
630 1703 690 1766 has
714 1702 870 1786 epistulas
894 1702 933 1765 ad
958 1723 1070 1766 omnes
1095 1701 1150 1784 qui
1174 1701 1209 1763 in
1233 1721 1365 1765 censum
1389 1702 1529 1765 veniunt

244 1806 370 1871 codices
402 1814 547 1872 exactas:
583 1830 660 1871 nam
692 1831 775 1893 quae
807 1809 878 1892 ipsa
911 1828 1038 1891 quoque
1070 1829 1173 1871 novos
1207 1806 1308 1871 libros
1341 1807 1529 1891 adsumpsit

243 1914 389 1978 omnium
413 1907 591 1978 Ciceronis
606 1915 819 1997 epistularum
848 1915 948 1978 editio
976 1914 1172 1996 Tyrrelliouo
1196 1914 1357 1977 adfinem
1380 1914 1528 1978 nondum

244 2021 433 2104 pervenit.¹)

333 2127 366 2191 in
389 2126 470 2210 ipsis
493 2127 597 2210 igitur
621 2128 727 2191 verbis
752 2126 931 2191 tractandis
955 2148 1052 2210 quem
1076 2127 1116 2190 ad
1141 2127 1272 2190 modum
1294 2134 1439 2191 versatus
1460 2129 1527 2192 sim

244 2255 282 2297 ex
305 2234 352 2297 eis
376 2255 458 2319 quae
482 2255 580 2317 supra
603 2235 641 2298 de
666 2234 813 2299 codicum
836 2233 1021 2298 rationibus
1046 2233 1194 2316 exposita
1213 2238 1290 2298 sunt
1309 2235 1390 2297 satis
1409 2233 1526 2299 elucet.

243 2337 408 2423 inpriore
435 2341 537 2428 igitur
561 2346 662 2426 parte
676 2341 806 2404 evidens
832 2341 964 2404 omnino
988 2346 1021 2404 et
1046 2339 1219 2404 manifesta
1243 2340 1379 2405 Medicei
1402 2340 1526 2406 codicis

243 2467 321 2529 prae
354 2448 470 2512 ceteris
502 2453 554 2513 est
586 2447 730 2530 bonitas,
763 2447 796 2510 in
824 2447 929 2510 altera
956 2468 1028 2510 cum
1057 2445 1146 2510 illius
1175 2468 1273 2511 causa
1301 2445 1407 2511 minus
1435 2452 1528 2512 certa

243 2554 344 2618 videri
370 2555 490 2638 possit,
517 2575 578 2639 ego
603 2576 799 2640 quamquam
823 2552 951 2636 suscepi
975 2575 1013 2617 ex
1036 2552 1065 2614 Y
1090 2574 1172 2636 quac
1196 2553 1401 2636 suscipienda
1423 2559 1528 2638 erant,

243 2661 435 2743 primarium
464 2663 568 2726 denuo
599 2663 683 2725 libro
712 2661 934 2725 vetustissimo
963 2658 1063 2722 tribui
1091 2658 1207 2724 locum.
1255 2659 1386 2724 omnino
1414 2665 1527 2725 autem

244 2772 370 2831 ceteros
390 2770 516 2833 codices
536 2772 629 2832 tanto
650 2790 746 2851 opere
765 2767 941 2850 posthabui
956 2764 1100 2829 Mediceo
1116 2767 1149 2829 in
1163 2772 1255 2849 parte
1271 2766 1524 2852 orthographica

245 2881 281 2936 ut
304 2873 446 2957 plurima
469 2896 581 2938 eorum
604 2874 686 2937 vitia
709 2869 890 2957 scripturae
917 2910 954 2917 -
982 2872 1070 2935 velut
1093 2871 1134 2935 ‘e’
1160 2893 1216 2955 pro
1240 2873 1310 2956 ‘ac',
1338 2874 1378 2939 ‘c'
1401 2896 1461 2957 pro
1487 2874 1527 2938 ‘t’

245 3000 391 3063 quaeque
416 2980 480 3043 alia
503 2981 536 3044 id
560 2983 637 3043 sunt
660 3000 763 3064 genus
787 2979 885 3043 medii
909 2980 981 3042 aevi
1004 2984 1138 3062 peccata
1162 3017 1203 3025 —
1228 2981 1359 3045 silentio
1383 2985 1528 3065 practer·
1622 3042 1628 3053 ,

245 3085 398 3148 miserim.
436 3106 633 3168 quamquam
657 3085 717 3148 hac
740 3083 775 3147 in
792 3092 885 3167 parte
905 3085 1144 3150 inconstantiae
1164 3089 1211 3151 sic
1231 3109 1359 3172 quoque
1379 3089 1527 3152 accusari

246 3211 395 3274 possum,
423 3191 519 3275 idque
550 3199 683 3275 propter
710 3191 814 3275 ipsius
841 3190 977 3255 Medicei
1005 3192 1056 3255 his
1080 3193 1113 3256 in
1137 3194 1234 3257 rebus
1263 3194 1526 3259 inconstantiam.
1614 3179 1617 3185 ¹

247 3298 373 3364 scilicet
392 3298 539 3381 quamvis
559 3299 662 3361 multa
676 3296 710 3361 in
725 3298 782 3361 illo
797 3302 909 3361 extent
924 3299 1082 3382 genuinae
1097 3299 1330 3384 Tullianaequc
1345 3301 1527 3385 scripturae

249 3405 402 3491 vestigia,
430 3404 681 3489 haudquaquam
709 3406 826 3469 desunt
853 3404 976 3468 formae
1004 3406 1054 3469 vel
1080 3406 1309 3491 imperatoriae
1333 3409 1451 3471 aetatis
1476 3408 1528 3472 vel

245 3512 410 3577 barbarae.
457 3511 518 3575 has
544 3511 698 3575 nimirum
726 3511 820 3595 eieci,
848 3511 880 3574 in
909 3511 974 3574 illis
1004 3513 1110 3576 minus
1139 3514 1185 3578 fui
1214 3536 1353 3578 severus.
1406 3515 1527 3598 quippe

244 3626 320 3684 ante
353 3620 463 3683 omnia
491 3620 524 3682 in
554 3641 652 3702 opera
679 3618 740 3684 hac
769 3618 884 3683 critica
912 3619 944 3682 id
973 3619 1134 3705 agendum
1168 3623 1278 3685 censui
1312 3625 1348 3686 ut
1377 3623 1527 3705 primarii

245 3725 335 3791 ducis
373 3726 482 3811 imago
520 3726 596 3790 talis
635 3726 741 3809 qualis
774 3732 861 3790 esset
892 3724 1069 3789 lectoribus
1103 3734 1352 3811 proponeretur,
1388 3729 1526 3812 ideoque
1570 3791 1573 3795 ,

245 3834 367 3899 tradita
394 3833 591 3897 lineamenta
618 3832 715 3897 nimis
743 3833 835 3897 nolui
863 3834 1068 3898 conturbare.
1114 3834 1160 3897 sic
1188 3833 1312 3898 factum
1341 3839 1377 3899 ut
1406 3836 1439 3899 in
1464 3835 1527 3900 hac

245 3941 386 4005 editione
417 3941 513 4004 modo
547 3944 636 4004 extet
668 3939 831 4022 ‘epistola'
866 3941 962 4004 modo
995 3939 1168 4023 ‘epistula',
1202 3939 1298 4005 ‘cum'
1330 3948 1363 4005 et
1393 3942 1527 4026 ‘quom’,

245 4046 328 4111 ‘abs'
361 4051 394 4110 et
426 4044 518 4130 ‘aps',
551 4045 750 4140 ‘beneuolus’
784 4051 818 4109 et
851 4045 1053 4130 ‘benivolus',
1086 4046 1262 4131 ‘quamtus'
1291 4055 1323 4112 et
1351 4048 1552 4133 ‘quantus’,‚

245 4153 414 4237 ‘recipero’
434 4158 467 4217 et
486 4151 675 4237 ‘recupero’,
698 4152 866 4235 ‘paullum'
882 4157 916 4216 et
935 4153 1103 4237 ‘paulum',
1121 4155 1350 4238 ‘opportunus'
1369 4162 1402 4220 et
1421 4156 1527 4239 ‘opor-

244 4259 365 4339 tunus',
389 4259 529 4343 ‘prosus'
553 4264 586 4323 et
609 4258 776 4342 ‘prorsus’,
800 4259 873 4322 alia.
920 4264 1050 4323 constat
1073 4265 1182 4326 tamen
1200 4286 1240 4327 ne
1265 4264 1370 4347 ipsam
1395 4263 1526 4346 quidem

336 4459 361 4519 1)
381 4452 532 4507 dolendum
556 4451 630 4521 quod
655 4451 683 4504 iu
707 4467 810 4520 magna
834 4448 885 4504 illa
908 4451 1027 4520 utilique
1051 4470 1136 4523 opera
1160 4455 1213 4507 soli
1236 4456 1346 4508 codices
1371 4455 1526 4510 Britannici

245 4523 337 4576 denuo
356 4528 422 4576 sunt
440 4524 557 4591 excussi,
577 4523 662 4577 ceteri
678 4522 768 4577 adlati
783 4538 817 4575 ex
831 4522 951 4575 aliorum
966 4524 1158 4581 relationibus.
1192 4527 1234 4580 itu
1247 4545 1297 4580 nec
1313 4527 1436 4581 rationes
1451 4528 1527 4580 codi-

246 4612 308 4648 cum
332 4595 401 4647 satis
425 4602 543 4664 possunt
565 4595 686 4665 perspici
711 4598 739 4646 et
762 4593 880 4664 singulis
906 4594 934 4646 in
958 4595 1026 4648 locis
1050 4613 1134 4668 aegre
1156 4598 1264 4651 vitatur
1284 4615 1368 4663 error.
1406 4599 1435 4651 in
1454 4616 1528 4653 nova

246 4666 334 4735 igitur
357 4666 480 4719 editione
500 4667 654 4721 'l'uiunensi
673 4666 764 4720 codici
783 4667 837 4718 erit
855 4665 1067 4721 substituendus
1086 4669 1242 4736 Parisinus,
1266 4669 1437 4723 omittendus
1458 4671 1528 4724 Hur-

246 4737 355 4790 leianua
374 4744 452 4804 2591,
473 4738 576 4807 ubique
595 4739 784 4793 adsumendus
799 4737 945 4789 Palatinus
965 4750 1026 4807 (roo,
1045 4744 1106 4793 tota
1125 4742 1245 4808 deniqui·
1266 4742 1413 4795 adnotatio
1428 4742 1529 4795 critica

246 4812 479 4879 recognoscenda.
