3286 5460
201 364 266 428 252
651 363 689 418 M.
708 363 814 418 TVLLI
833 361 1022 418 CICERONIS

200 551 297 612 quam
320 528 359 593 de
383 533 441 593 tua
464 528 633 592 voluntate
656 527 847 611 dubitasset,
871 527 927 592 aed
950 548 1019 610 nec,
1043 529 1201 611 quantum
1224 525 1330 592 facere
1354 547 1476 611 posses,

164 653 179 700 2
202 658 270 719 nec,
295 636 400 719 quoad
423 634 575 720 progredi
599 634 707 718 velles,
730 635 935 720 exploratum
959 634 1040 699 satis
1063 633 1214 699 habebat.
1260 633 1382 718 itaque,
1405 654 1476 698 cum

200 767 227 807 a.
251 743 281 807 d.
305 761 354 807 vu
378 742 455 807 Idus
479 739 602 825 Aprilis
627 764 721 806 mane
745 741 825 806 mihi
850 746 923 806 tuas
953 742 1081 806 litteras
1106 740 1147 804 M.
1165 739 1351 806 Varisidius
1375 740 1478 806 reddi·

200 849 301 913 disset
338 870 456 933 easque
491 848 661 934 legissem,
698 848 881 913 incredibili
918 847 1037 934 gaudio
1076 870 1148 913 sum
1180 848 1302 932 elatus,
1339 869 1477 932 cumque

199 977 318 1041 magna
341 955 517 1020 multitudo
538 955 738 1040 optimorum
757 955 902 1020 virorum
925 958 959 1019 et
982 955 1101 1021 civium
1125 977 1177 1020 me
1201 955 1239 1019 de
1262 955 1360 1021 domo
1384 954 1479 1021 dedu·
1502 974 1513 1014 ι

199 1068 300 1147 caret,
331 1062 392 1127 feci
417 1062 571 1127 continuo
595 1063 700 1128 omnis
723 1062 899 1147 participes
928 1085 1018 1128 meae
1044 1063 1233 1148 voluptatis.
1279 1062 1414 1128 interim
1438 1063 1479 1127 ad

198 1192 249 1233 me
278 1170 368 1234 venit
394 1169 563 1235 Munatius
590 1173 717 1255 noster,
745 1174 783 1234 ut
811 1173 997 1235 consuerat:
1027 1174 1062 1235 at
1088 1190 1150 1256 ego
1179 1170 1208 1234 ei
1237 1169 1366 1234 litteras
1394 1173 1479 1254 tuas,

198 1275 359 1340 nihildum
382 1276 468 1341 enim
492 1277 629 1360 sciebat,
658 1298 735 1341 nam
759 1276 798 1340 ad
823 1297 873 1340 me
901 1275 1042 1361 primum
1067 1275 1264 1356 Varisidius,
1292 1274 1390 1361 idque
1414 1277 1478 1341 sibi

199 1406 217 1447 a
241 1387 273 1447 te
297 1384 487 1449 mandatum
516 1405 585 1449 esse
614 1383 751 1449 dicebat.
797 1383 994 1468 paulopost
1018 1384 1103 1449 idem
1125 1383 1207 1449 mihi
1230 1382 1399 1449 Munatius
1424 1404 1480 1447 eas

198 1490 325 1554 litteras
358 1490 512 1575 legendas
545 1491 646 1572 dedit,
679 1512 760 1574 quas
792 1490 855 1574 ipsi
883 1489 1031 1574 miseras,
1064 1495 1098 1556 et
1125 1513 1194 1575 eas,
1226 1511 1306 1575 quas
1337 1489 1479 1575 publice.
1495 1513 1517 1552 ιι

163 1613 179 1660 3
199 1597 322 1680 placuit
344 1597 449 1681 nobis,
472 1602 510 1662 ut
534 1598 647 1662 statim
671 1598 711 1661 ad
734 1594 924 1682 Comutum,
946 1619 993 1681 pr.
1014 1598 1094 1682 urb,
1116 1597 1246 1663 litteras
1269 1596 1480 1681 deferremus,

199 1703 271 1786 qni,
308 1704 393 1787 quod
431 1705 579 1769 consules
617 1705 768 1787 aberant,
806 1704 975 1769 consulare
1007 1727 1125 1769 munus
1166 1704 1351 1770 sustinebat
1387 1688 1480 1769 more

199 1809 375 1874 maiorum:
413 1816 544 1876 senatus
578 1817 629 1877 est
661 1811 815 1877 continuo
847 1815 1044 1876 convocatus
1077 1811 1293 1896 frequensque
1326 1812 1481 1877 convenit

197 1921 333 2000 propter
359 1917 480 1982 famam
508 1922 606 2001 atque
637 1919 897 2002 expectationem
925 1922 1056 1983 tuarum
1088 1917 1283 1983 litterarum.
1329 1917 1480 1983 recitatis

198 2023 317 2087 litteris
342 2025 454 2088 oblata
477 2025 593 2110 religio
617 2022 763 2090 Cornuto
788 2029 852 2110 est,
874 2025 1089 2109 pullariorum
1113 2024 1281 2090 admonitu
1304 2047 1371 2090 non
1395 2026 1481 2090 satis
1496 2045 1521 2084 ιι

198 2130 372 2216 diligenter
399 2154 473 2197 eum
501 2132 655 2216 auspiciis
688 2154 820 2217 operam
848 2132 989 2216 dedisse,
1021 2131 1118 2215 idque
1147 2153 1166 2195 a
1194 2135 1308 2197 nostro
1336 2131 1481 2217 collegio

198 2239 446 2322 comprobatum
469 2242 534 2324 est3
557 2239 668 2323 itaque
692 2261 744 2304 res
768 2239 870 2304 dilata
893 2243 944 2303 est
967 2239 1002 2303 in
1024 2243 1201 2323 posterum.
1238 2260 1276 2303 eo
1297 2242 1407 2303 autem
1428 2237 1481 2304 die

195 2365 314 2429 magna
341 2344 423 2409 mihi
455 2367 515 2429 pro
543 2348 601 2410 tua
633 2345 794 2431 dignitate
828 2346 994 2411 contentio
1024 2367 1098 2410 eum
1127 2343 1281 2428 Servilio,
1313 2345 1371 2430 qui
1403 2367 1482 2410 cum

195 2451 304 2536 gratia
331 2451 505 2537 effecisset,
534 2456 573 2516 ut
600 2475 660 2517 sua
688 2453 851 2517 sententia
879 2453 985 2536 prima
1013 2452 1294 2537 pronuntiaretur,
1323 2450 1481 2536 frequens

196 2580 269 2621 eum
289 2562 421 2622 senatus
440 2557 574 2642 reliquit
597 2563 631 2623 et
654 2560 689 2624 in
712 2559 776 2625 alia
800 2559 910 2626 omnia
929 2559 1089 2644 discessit,
1111 2580 1265 2643 meaeque
1285 2557 1481 2637 sententiae,
1495 2579 1522 2619 ιι

196 2686 276 2747 quae
301 2665 442 2730 secunda
460 2665 672 2749 pronuntiata
691 2671 772 2750 erat,
796 2688 869 2731 cum
888 2666 1077 2750 frequenter
1096 2665 1316 2730 adsentiretur
1334 2670 1482 2750 senatus,

160 2776 314 2856 erogatu
338 2770 468 2837 Servilii
491 2770 526 2836 P.
550 2772 655 2838 Titius
679 2773 881 2838 intercessit:
905 2795 956 2837 res
980 2773 1205 2857 inposterum
1229 2771 1341 2836 dilata.
1387 2773 1482 2837 venit

196 2881 329 2961 paratus
355 2877 525 2963 Servilius,
552 2878 624 2945 Iovi
647 2880 711 2964 ipsi
738 2880 884 2965 iniquae,
912 2880 1004 2945 cuius
1028 2879 1208 2963 intemplo
1232 2900 1284 2944 res
1308 2879 1482 2964 agebatur.

195 2984 280 3049 hunc
305 2986 575 3069 quemadmodum
603 2987 758 3073 fregerim
786 2993 972 3073 quantaque
1001 2986 1210 3052 contentione
1232 2985 1356 3051 Titium
1380 2986 1482 3052 inter-

196 3114 356 3155 cessorem
386 3093 572 3176 abiecerim,
600 3117 638 3158 ex
662 3095 801 3159 aliorum
824 3098 857 3158 te
881 3092 1001 3159 litteris
1025 3094 1112 3158 malo
1137 3114 1348 3179 cognoscere;
1375 3116 1480 3158 unum
1495 3112 1521 3151 ιι

195 3197 258 3260 hoc
285 3220 324 3261 ex
353 3199 447 3263 meis:
480 3205 612 3265 senatus
643 3201 787 3286 gravior,
821 3200 1036 3284 constantior,
1067 3199 1203 3265 amicior
1230 3199 1296 3263 tuis
1324 3199 1481 3265 laudibus

197 3326 266 3368 csse
300 3327 363 3369 non
395 3307 520 3389 potuit,
554 3330 651 3391 quam
679 3312 750 3373 tum
778 3307 857 3393 luit,
889 3329 948 3372 nec
976 3328 1052 3372 vero
1080 3306 1143 3370 tibi
1175 3309 1307 3370 senatus
1340 3306 1482 3372 amicior

197 3432 295 3494 quam
328 3416 446 3477 cuncta
478 3413 610 3500 civitas,
647 3414 842 3479 mirabiliter
878 3413 965 3478 enim
997 3412 1136 3497 populus
1169 3410 1208 3476 R.
1239 3411 1412 3477 universus
1447 3418 1482 3477 et

197 3519 341 3582 omnium
365 3539 521 3603 generum
545 3522 758 3605 ordinumque
778 3542 953 3586 consensus
977 3520 1017 3584 ad
1040 3518 1242 3584 liberandam
1264 3540 1334 3584 rem
1353 3542 1384 3604 p.
1404 3542 1482 3585 con·

163 3626 345 3710 aspirarit.
386 3648 485 3712 perge
508 3627 620 3713 igitur,
643 3633 681 3693 ut
705 3627 785 3713 agis,
809 3649 990 3711 nomenque
1015 3630 1107 3691 tuum
1131 3625 1321 3691 commenda
1344 3625 1518 3692 immor-⁸⁰

286 3825 308 3872 1.
333 3835 429 3887 posses
452 3819 544 3873 facere
568 3821 602 3873 Η
625 3821 635 3889 11
662 3825 686 3874 2.
712 3819 818 3888 quoad]
843 3819 918 3887 quod
941 3820 987 3885 M,
1015 3835 1070 3887 quo
1095 3819 1155 3873 HD
1181 3820 1191 3888 11
1218 3823 1242 3872 t.
1269 3818 1303 3873 de
1327 3817 1411 3873 domo
1436 3821 1479 3888 M,

196 3889 278 3943 domo
298 3890 372 3957 HD,
398 3893 461 3955 sort.
480 3897 549 3945 recte
570 3892 580 3959 11
604 3898 627 3946 7.
647 3889 790 3944 munatius
810 3891 855 3957 M,
880 3889 1023 3944 numatius
1044 3890 1111 3944 HD.
1141 3889 1215 3962 (T.)
1234 3888 1379 3944 Munatius
1402 3892 1480 3945 alii}

197 3963 227 4012 at
246 3977 298 4029 ego
318 3960 343 4013 ei
363 3962 407 4027 M,
433 3963 464 4014 at
486 3978 538 4030 ego
562 3963 592 4015 et
610 3963 677 4016 HD.
711 3979 763 4031 ego
783 3959 809 4015 ei
830 3961 1002 4031 Wesenberq,
1026 3960 1088 4030 lego
1108 3959 1134 4014 ei
1154 3962 1279 4031 -quod
1301 3978 1349 4032 eqo
1391 3978 1480 4032 uoqroe

197 4034 298 4085 cmu'ecr'
319 4064 348 4070 -
370 4033 441 4085 Boot
464 4033 541 4101 (‘ohe.
561 4034 633 4087 crit)
656 4052 685 4102 p.
701 4036 755 4101 21).
789 4034 821 4086 de
844 4031 957 4101 legendi
979 4051 1002 4087 u.
1026 4034 1076 4087 hoc
1098 4049 1151 4086 ιιι
1168 4049 1192 4086 o.
1213 4032 1285 4087 Boot
1307 4033 1345 4086 ud
1365 3979 1420 4087 (lic.
1441 4035 1480 4088 ad

198 4104 253 4155 Au.
274 4103 293 4168 l,
315 4108 357 4166 16,
373 4109 388 4156 8
412 4105 421 4170 11
444 4108 467 4158 8.
488 4102 627 4157 nihildum
647 4104 687 4173 M,
706 4103 778 4157 nihil
797 4103 859 4156 HD
876 4106 886 4172 11
906 4102 993 4174 enim]
1013 4102 1101 4157 etiam
1121 4101 1149 4158 0.
1168 4103 1202 4157 F.
1218 4104 1260 4157 W.
1277 4103 1382 4158 Metller
1399 4104 1479 4172 (aaa.

193 4174 262 4240 phil.
286 4179 352 4225 1866
370 4191 396 4241 p.
413 4180 473 4242 491,
490 4178 524 4243 7).
561 4177 597 4240 cf.
621 4177 774 4245 Landqruf
794 4176 831 4228 cd
856 4175 911 4229 Cic.
931 4193 959 4243 p.
984 4175 1063 4229 Boeo.
1084 4175 1145 4229 Am.
1166 4192 1195 4242 p.
1212 4179 1263 4227 116
1291 4175 1300 4242 11
1328 4179 1352 4226 8.
1373 4179 1396 4227 9.
1422 4174 1479 4229 sibi

197 4261 214 4296 a.
233 4245 260 4297 te
280 4244 320 4311 D,
348 4244 401 4298 tibi
421 4261 438 4297 a
457 4262 486 4298 se
506 4246 574 4299 ΜΗ
593 4249 602 4315 11
626 4252 649 4300 9.
674 4246 762 4316 idern]
788 4245 857 4299 item
876 4246 1035 4316 Wesenberg]
1057 4247 1067 4314 11
1090 4245 1151 4315 ιιι]
1171 4243 1241 4316 (et)
1266 4261 1314 4298 eas
1338 4244 1378 4298 Η.
1399 4245 1480 4300 Koch

197 4316 308 4378 (Philet.
329 4317 399 4369 Arra.
419 4315 443 4367 V
459 4334 487 4385 p.
506 4320 566 4385 161)
579 4320 589 4386 11
610 4323 650 4371 16.
670 4317 749 4370 dedit
767 4316 902 4385 legendas
922 4317 955 4370 H
966 4319 975 4385 11
989 4318 1018 4370 et
1037 4333 1084 4370 eas
1103 4318 1145 4383 M,
1164 4333 1214 4370 our.
1235 4317 1373 4384 11111111.
1394 4315 1479 4370 nobis

198 4387 242 4451 M,
267 4404 316 4440 om.
338 4387 398 4440 HD
420 4390 429 4455 11
453 4387 489 4440 ad
509 4387 590 4460 (M.)
610 4387 761 4442 Cornutum
782 4390 940 4458 t-Vesenocrp
963 4391 971 4456 11
995 4393 1037 4440 13.
1061 4389 1104 4441 est
1127 4406 1177 4441 om.
1199 4387 1231 4440 H
1251 4390 1260 4456 11
1284 4392 1326 4441 15.
1350 4389 1395 4440 est
1417 4404 1478 4442 cor-

196 4459 264 4509 nuto
285 4458 317 4510 H
337 4461 346 4525 11
371 4463 411 4511 16.
433 4458 578 4530 auspiciis]
605 4464 641 4527 cs.
662 4461 783 4514 Willems
804 4461 843 4513 ‘lo
860 4460 953 4514 sc'uat’
976 4461 1000 4512 ll
1015 4478 1044 4528 p.
1062 4463 1151 4525 173,7
1174 4461 1183 4526 11
1210 4462 1248 4512 17.
1268 4458 1298 4510 in
1320 4461 1479 4531 posterum]

198 4531 232 4593 cf,
250 4528 277 4581 0.
294 4529 328 4582 1⁸.
349 4530 387 4579 ll'.
404 4530 507 4584 Mr'c‘ller·
527 4531 581 4584 Cr'c.
601 4551 642 4600 op.
659 4531 692 4597 ll,
712 4538 728 4583 3
748 4533 784 4584 ud
802 4537 934 4598 1ι.66,11
955 4534 964 4598 11
983 4536 1025 4583 21.
1046 4532 1106 4583 erat
1121 4530 1189 4596 erat,
1209 4531 1256 4583 alt.
1273 4546 1332 4598 exp.
1348 4529 1406 4594 M0,
1423 4531 1462 4584 M

197 4606 239 4652 23.
266 4599 323 4651 lovi
343 4599 359 4652 i.
380 4599 410 4669 ἰ.1
436 4603 469 4665 cs.
497 4602 558 4655 Otto
584 4603 725 4671 ‘h'prrchm
750 4604 775 4655 d.
796 4602 842 4656 Μ’
866 4621 894 4669 p.
911 4608 961 4653 176
989 4604 998 4668 11
1026 4606 1067 4654 24.
1092 4600 1343 4669 quemadmodum,
1372 4617 1417 4654 ern
1448 4605 1480 4655 ιἰι

197 4688 251 4721 ιιι,
274 4671 307 4720 M
312 4680 323 4704 ⁶
343 4674 386 4735 (aa
405 4671 517 4738 quidem
531 4677 564 4739 11,
589 4674 634 4740 M,
659 4672 772 4741 quidem
792 4673 1027 4740 quemadmodum
1047 4673 1108 4725 HI)
1125 4676 1134 4740 11
1155 4676 1319 4740 quantaque
1337 4690 1372 4725 es
1390 4689 1480 4739 quan·

199 4743 311 4863 llrpnque
333 4743 365 4793 dl
383 4745 391 4808 11
410 4745 547 4866 ιΞῗῃιιιιιίο
567 4744 669 4798 litteris
689 4745 718 4797 D
736 4747 745 4812 11
764 4749 805 4798 66.
826 4744 939 4813 grauior
957 4745 999 4811 M,
1018 4742 1126 4812 gratior
1146 4743 1292 4813 11111127.
1313 4746 1481 4812 quamtum

229 4855 234 4878 ,
255 4816 391 4877 quantum
438 4863 441 4865 .
