3314 5460
582 109 839 166 EPISTVLARVM
859 111 903 164 Vl.
924 117 948 166 5.
969 116 993 165 6.
1366 108 1427 172 137

54 298 280 360 moque,
307 279 345 340 ut
372 280 409 340 tu
437 275 513 359 seis,
542 273 709 340 doetrinae
738 274 860 360 studio,
891 279 962 338 tum
990 296 1110 360 magno
1140 272 1239 339 etiam
1262 295 1325 338 usu
1347 277 1430 339 trac-

53 382 264 452 tandae
292 382 339 448 rei
366 404 398 466 p.
425 402 608 467 magnaque
636 385 823 446 nostrorum
858 385 1041 466 temporum
1074 381 1232 446 varietate
1264 381 1430 447 consecuti

50 511 274 573 sumum
303 489 355 554 cui
384 488 515 573 quidem
539 487 733 554 divinationi
761 488 823 553 hoc
851 488 924 572 plus
952 488 1158 567 confidimus,
1189 489 1275 572 quod
1304 511 1342 553 ea
1368 505 1464 554 nost

50 597 232 665 nihil
253 597 288 661 in
310 597 363 661 his
391 601 460 661 tam
490 595 637 661 obscuris
665 595 762 660 rebus
791 599 924 680 tamque
951 596 1151 680 perturbatis
1180 618 1335 680 umquam
1364 618 1429 660 om·

31 707 228 772 anino
255 702 382 767 fefellit.
428 702 581 786 dicerem,
612 725 694 788 quae
723 706 798 766 ante
825 702 936 766 futura
963 702 1132 787 dixissem,
1158 703 1193 767 ni
1221 725 1361 786 vererer,
1388 726 1429 767 ne

53 836 132 876 ex
215 809 341 875 eventis
369 811 492 895 fingere
521 808 658 894 viderer,
692 810 748 874 sed
776 815 886 874 tamen
916 810 1049 894 plurimi
1082 815 1159 875 sunt
1187 814 1288 876 testes
1317 833 1368 875 me
1396 815 1430 875 et

54 917 260 1001 initio,
291 908 332 981 ne
366 919 578 1003 coniungeret
610 939 644 982 se
677 939 751 982 eum
784 915 937 1001 Caesare,
975 918 1140 983 monuisse
1173 917 1363 1002 Pompeium
1397 923 1430 982 et

57 1028 275 1110 postea,
296 1047 337 1089 ne
361 1024 561 1110 seiungeret:
585 1023 812 1089 coniunctione
834 1023 943 1109 frangi
967 1030 1098 1090 senatus
1121 1047 1209 1110 opes,
1232 1023 1430 1089 diiunctione

59 1130 246 1195 civile
267 1131 390 1196 bellum
413 1131 550 1196 excitari
568 1131 727 1216 videbam,
751 1134 847 1215 atque
871 1133 987 1196 utebar
1010 1132 1264 1197 familiarissime
1284 1131 1431 1215 Caesare,

33 1233 342 1321 apompeium
365 1237 525 1304 faciebam
548 1238 695 1323 plurimi,
726 1238 782 1302 sed
810 1242 881 1303 erat
908 1261 1016 1304 meum
1044 1239 1217 1305 consilium
1240 1259 1313 1302 eum
1336 1237 1430 1302 fidele

65 1339 321 1430 Pompeio,
347 1351 419 1411 tum
442 1345 584 1410 salutare
612 1346 752 1431 utrique.
799 1368 881 1430 quae
905 1351 1073 1430 praeterea
1101 1346 1313 1431 providerim,
1339 1363 1465 1430 prae-5

70 1448 256 1537 hereo,
282 1453 358 1519 nolo
387 1453 474 1517 enim
502 1452 588 1518 hune
617 1453 655 1517 de
685 1475 736 1517 me
764 1453 887 1537 optime
916 1453 1069 1518 meritum
1098 1454 1286 1518 existimare
1315 1475 1352 1517 ea
1379 1475 1431 1517 me

75 1559 292 1626 suasisse
316 1559 486 1645 Pompeio,
511 1560 629 1644 quibus
652 1558 707 1623 ille
732 1560 759 1623 si
784 1560 960 1643 paruisset,
983 1565 1071 1625 esset
1093 1560 1146 1625 hic
1171 1558 1301 1644 quidem
1324 1558 1431 1624 clarus

78 1653 143 1720 in
202 1668 293 1752 toga
320 1672 354 1732 et
381 1667 549 1752 princeps,
581 1666 637 1731 sed
667 1670 776 1730 tantas
806 1689 900 1752 opes,
933 1672 1072 1750 quantas
1102 1689 1188 1732 nunc
1217 1667 1333 1751 habet,
1365 1689 1431 1730 non

55 1756 302 1838 uhaberer:
339 1775 480 1839 eundum
513 1774 547 1838 in
579 1772 773 1857 Hispaniam
808 1773 934 1857 censui,
971 1775 1058 1858 quod
1090 1774 1118 1839 si
1151 1774 1298 1858 fecisset,
1336 1773 1430 1838 civile

85 1863 273 1945 bellum
295 1881 422 1947 nullum
452 1880 583 1945 omnino
607 1879 730 1944 fuisset.
777 1880 938 1945 rationem
960 1881 1073 1946 haberi
1102 1881 1248 1946 absentis
1272 1903 1338 1945 non
1362 1885 1430 1944 tam

88 1987 293 2068 pugnavi
313 1993 351 2052 ut
369 1987 492 2069 liceret,
512 2008 609 2070 quam
626 1990 671 2064 ut,
690 1987 844 2071 quoniam
863 1987 935 2071 ipso
955 1989 1086 2053 consule
1106 1991 1271 2073 pugnante
1290 1987 1430 2071 populus

92 2074 299 2178 iusserat,
322 2094 506 2159 haberetur.
553 2116 651 2159 causa
674 2098 747 2158 orta
771 2094 848 2158 belli
872 2099 935 2159 est:
959 2096 1036 2180 quid
1060 2117 1121 2181 ego
1145 2093 1349 2180 praetermisi
1373 2099 1430 2159 aut

94 2200 351 2266 monitorum
370 2204 428 2265 aut
447 2200 660 2284 querelarum,
684 2223 756 2266 eum
781 2201 830 2264 vel
855 2202 1094 2286 iniquissimam
1113 2224 1226 2286 pacem
1249 2199 1430 2264 iustissimo

68 2284 238 2372 ”bello
257 2307 476 2372 anteferrem?
514 2307 600 2371 vieta
623 2311 674 2371 est
697 2308 874 2373 auctoritas
899 2330 979 2387 mea,
1002 2332 1066 2374 non
1090 2315 1159 2373 tam
1178 2331 1197 2372 a
1216 2306 1372 2389 Pompeio
1386 2326 1466 2372 -e

96 2411 279 2479 11¹²111is
302 2414 495 2480 movebatur
516 2450 576 2500 —,
603 2436 701 2498 quam
724 2414 764 2479 ab
794 2415 854 2498 eis,
886 2417 942 2500 qui
970 2417 1049 2480 duee
1073 2415 1229 2499 Pompeio
1258 2413 1334 2478 freti
1362 2436 1430 2498 per-

97 2520 370 2600 opportunam
398 2525 432 2586 et
459 2522 556 2586 rebus
590 2521 777 2587 domesticis
806 2526 839 2586 et
867 2523 1101 2606 cupiditatibus
1133 2523 1200 2587 suis
1231 2521 1319 2586 illius
1353 2521 1431 2586 belli

92 2610 322 2692 Victoriam
358 2627 428 2692 fore
461 2629 631 2713 putabant.
684 2632 870 2712 susceptum
905 2628 1028 2693 bellum
1065 2634 1117 2694 est
1153 2630 1338 2714 quiescente
1371 2651 1432 2713 me,

91 2710 322 2810 depulsum
345 2756 385 2798 ex
408 2734 506 2800 Italia
529 2739 680 2800 manente
704 2756 770 2820 me,
800 2735 906 2819 quoad
930 2737 1037 2820 potui,
1065 2737 1119 2802 sed
1143 2736 1248 2801 valuit
1271 2736 1356 2820 apud
1380 2759 1431 2799 me

57 2824 225 2903 ²⁵Plus
251 2841 358 2926 pudor
386 2864 478 2907 meus
506 2864 604 2927 quam
632 2843 746 2906 timor:
779 2842 902 2906 veritus
931 2864 1003 2907 sum
1032 2843 1141 2908 deesse
1164 2841 1300 2927 Pompei
1324 2843 1432 2926 saluti,

82 2942 225 3012 Cum
248 2949 304 3013 ille
328 2948 504 3033 aliquando
526 2971 593 3014 non
617 2949 774 3014 defuisset
792 2970 890 3013 meae.
927 2948 1039 3035 itaque
1063 2951 1113 3015 vel
1138 2950 1246 3016 officio
1270 2951 1320 3015 vel
1344 2950 1432 3015 fama

81 3022 314 3120 b(morum
346 3055 398 3119 vel
430 3056 553 3140 pudore
585 3058 707 3140 victus,
739 3059 777 3120 ut
806 3055 840 3120 in
873 3057 993 3122 fabulis
1023 3056 1258 3141 Amphiaraus,
1291 3058 1338 3121 sie
1370 3078 1432 3140 ego

73 3148 127 3213 Ρ
135 3163 293 3227 rudens
317 3168 351 3227 et
374 3163 480 3228 sciens
509 3163 566 3228 ‘ad
589 3167 715 3247 pestem
738 3167 813 3226 ante
838 3164 949 3228 oeulos
972 3162 1133 3248 positam'
1156 3187 1228 3229 sum
1252 3163 1432 3247 profectus,

70 3255 211 3326 quo
248 3269 285 3333 in
317 3269 403 3335 bello
435 3270 518 3335 nihil
558 3270 685 3336 adversi
722 3269 841 3335 accidit
873 3294 937 3336 uon
972 3272 1178 3356 praedicente
1210 3292 1271 3333 me.
1324 3287 1466 3353 quare,7

33 3352 321 3460 ³⁰quoniam,
348 3381 388 3441 ut
415 3398 556 3463 augures
579 3382 612 3442 et
635 3375 794 3462 astrologi
817 3378 936 3461 solent,
964 3400 1025 3462 ego
1049 3400 1175 3462 quoque
1200 3397 1305 3461 augur
1327 3376 1432 3460 publi·

67 3465 198 3537 t²¹²8
232 3506 272 3548 ex
296 3484 378 3548 meis
402 3484 623 3568 superioribus
651 3483 827 3569 praedictis
859 3485 1015 3550 constitui
1039 3485 1125 3568 apud
1148 3487 1180 3547 te
1205 3482 1432 3547 auctoritatem

65 3570 283 3685 a''ffgurii
310 3596 344 3655 et
371 3591 582 3657 divinationis
615 3613 719 3674 meae,
752 3591 884 3656 debebit
916 3591 1035 3656 habere
1067 3590 1164 3654 fidem
1195 3594 1310 3653 nostra
1342 3611 1432 3672 prae·

65 3659 261 3763 ¹110th
307 3719 375 3762 non
402 3696 505 3783 igitur
532 3720 571 3762 ex
598 3697 689 3763 alitis
717 3698 864 3763 involatu
888 3722 947 3763 nec
971 3721 988 3763 e
1012 3702 1111 3763 cantu
1142 3695 1275 3762 sinistro
1304 3695 1433 3779 oscinis,

67 3780 173 3894 ΠΡ
206 3801 247 3868 in
270 3807 386 3870 nostra
409 3803 582 3888 disciplina
605 3810 668 3888 est,
698 3828 757 3869 nee
781 3828 819 3869 ex
843 3806 995 3890 tripudiis
1024 3805 1194 3869 solistimis
1219 3807 1275 3867 aut
1298 3802 1432 3867 soniviis

36 3874 212 3969 sstlbi
239 3932 397 3997 auguror,
424 3911 480 3975 aed
503 3910 608 3976 habeo
633 3912 698 3976 alia
721 3911 828 3998 signa,
857 3935 939 3997 quae
964 3913 1146 3994 observem,
1177 3934 1258 3996 quae
1282 3910 1344 3974 etsi
1367 3932 1432 3973 non

100 4016 122 4025 X
135 4028 165 4039 **-

82 4187 136 4242 g
242 4144 266 4194 b.
286 4138 316 4192 ni
334 4154 445 4221 vererer
464 4155 514 4193 om.
534 4140 562 4195 R
584 4143 594 4209 ΙΙ
618 4146 640 4194 7.
661 4158 694 4222 ⁸9.
709 4157 773 4195 cum
791 4140 837 4209 M,
865 4157 958 4193 secum
979 4142 1033 4197 GR
1047 4144 1056 4210 11
1071 4157 1194 4222 cesarem
1215 4140 1240 4195 G
1264 4142 1272 4220 ΙΙ
1296 4146 1320 4192 8.
1341 4137 1433 4219 seiunj

86 4203 234 4308 85¹⁸}
260 4226 290 4278 ς,
319 4227 349 4265 aa
376 4213 508 4292 iungeret
531 4213 570 4279 a,
599 4228 637 4294 aa,
657 4212 816 4294 diiungeret
845 4213 935 4283 Ir'lepu
967 4219 1008 4280 (p.
1029 4216 1080 4294 33).
1101 4215 1111 4280 ΙΙ
1139 4212 1341 4291 ‹lrsrunctrone
1356 4211 1411 4264 GR
1426 4212 1433 4291 l¹

93 4319 123 4368 1
187 4281 331 4335 urdeham
349 4284 469 4336 exaltan
487 4281 594 4336 bellum
613 4283 697 4338 erulle
712 4285 738 4339 G
751 4286 761 4351 lt
776 4290 816 4337 11.
832 4286 891 4336 tum
907 4285 948 4351 M,
969 4286 1027 4336 tum
1043 4287 1129 4337 etiam
1145 4284 1200 4337 GR
1214 4286 1222 4350 ΙΙ
1239 4287 1279 4336 15,
1294 4281 1363 4349 qurd
1378 4282 1416 4335 M
1425 4280 1433 4315 l

87 4333 184 4443 ἧς·
214 4352 342 4407 absentis
360 4352 460 4407 haberi
480 4354 506 4408 G
528 4356 538 4422 11
562 4360 602 4408 18.
623 4354 691 4409 belli
715 4358 778 4409 orta
798 4357 824 4410 G
847 4358 856 4424 ll
880 4360 921 4408 19.
945 4355 992 4408 uel
1014 4353 1214 4424 nequissimam
1234 4354 1261 4408 R
1284 4355 1294 4420 ll
1317 4359 1359 4407 21.
1379 4351 1433 4425 eis]

138 4413 187 4461 ¹⁸
213 4427 256 4493 St,
279 4423 314 4478 iia
334 4440 351 4482 ς
373 4427 384 4494 ll
407 4429 450 4480 28.
476 4426 614 4494 ‘prudens
631 4459 661 4466 -
677 4426 814 4497 positam’
840 4428 959 4481 Ribbeck
978 4433 1047 4496 trop.
1066 4443 1132 4480 rom.
1155 4428 1207 4491 sr.²
1227 4444 1256 4494 p.
1271 4430 1323 4477 256
1343 4426 1388 4478 cui
1407 4428 1436 4479 et

86 4469 315 4590 ἓῖἕέζκείιιω,
332 4495 456 4565 prudens
470 4526 504 4536 -
518 4497 640 4565 positam
660 4499 698 4552 W
696 4501 819 4568 eaeaberp
842 4501 851 4565 ll
874 4503 916 4550 33.
936 4496 1064 4550 involatu
1082 4495 1122 4566 (in
1140 4496 1250 4550 uiolatu
1270 4496 1318 4577 G)]
1338 4496 1435 4550 volatu

165 4566 197 4605 ³²
222 4569 234 4636 l
254 4571 295 4621 34.
315 4566 434 4637 trepidis
454 4566 568 4638 Glaut
585 4569 656 4638 MR,
676 4571 708 4622 ut
726 4570 751 4624 G
766 4572 775 4638 11
789 4569 906 4624 souiuiis
925 4569 966 4637 M,
987 4569 1081 4623 sonitu
1099 4567 1123 4622 is
1142 4569 1179 4638 R,
1199 4567 1315 4622 somnirs
1336 4568 1362 4623 G
