3314 5460
274 373 339 436 346
726 373 763 427 Μ.
784 372 888 426 TVLLI
908 372 1098 428 CICERONIS

275 542 350 602 ate
373 541 463 622 pete,
492 534 548 601 Cn.
568 536 721 622 Pupium,
750 538 806 621 qui
830 538 937 602 estin
961 539 1068 622 operis
1093 539 1161 603 eius
1190 539 1373 623 societatis,
1402 539 1558 604 omnibus

275 645 340 710 tuis
364 645 482 710 officiis
506 648 604 729 atque
629 646 715 710 omni
741 646 939 711 liberalitate
963 651 1074 711 tueare
1094 667 1259 731 curesque,
1281 650 1319 711 ut
1339 646 1407 711 eius
1427 668 1559 731 operae,

276 753 361 837 quod
387 752 447 816 tibi
471 751 567 817 facile
590 752 679 818 sactu
703 758 763 837 est,
787 777 883 838 quam
908 753 1113 839 gratissimae
1138 754 1205 819 sint
1228 753 1341 838 sociis,
1365 776 1497 838 remque
1524 759 1560 819 et

275 860 452 924 utilitatem
467 860 629 924 sociorum
643 897 687 906 —
702 861 793 925 cuius
808 862 855 925 rei
871 865 1027 945 quantam
1042 865 1240 946 potestatem
1256 865 1409 945 quaestor
1423 860 1559 946 habeat,

274 989 339 1032 non
362 989 435 1031 sum
459 967 592 1052 ignarus
611 1004 655 1014 -
674 971 783 1051 perte
803 974 900 1051 qrsam
918 969 1057 1033 maxime
1077 968 1242 1034 defensam
1262 973 1295 1033 et
1314 972 1443 1032 auctam
1463 967 1558 1033 velis.
1585 994 1599 1032 s

274 1075 306 1137 id
331 1097 404 1139 cum
428 1073 508 1139 mihi
533 1075 756 1160 gratissimum
780 1076 908 1161 feceris,
933 1082 1003 1141 tum
1026 1076 1108 1141 illud
1132 1076 1194 1141 tibi
1218 1079 1369 1161 expertus
1393 1074 1557 1159 promitto

274 1186 307 1245 et
330 1181 487 1265 spondeo,
512 1187 544 1246 te
569 1183 674 1248 socios
699 1183 885 1269 Bithyniae,
914 1184 942 1248 si
966 1184 1012 1248 eis
1036 1182 1268 1268 commodaris,
1298 1204 1457 1247 memores
1483 1203 1557 1246 esse

274 1293 307 1352 et
331 1293 445 1374 gratos
469 1290 686 1375 cogniturum.

824 1451 861 1518 x.
898 1449 1001 1538 (ree.)

720 1612 880 1679 cronno
906 1611 1052 1677 narro
1077 1611 1108 1678 s
1574 1638 1600 1676 ω

242 1791 252 1836 1
363 1773 445 1839 Cum
469 1776 509 1839 ad
533 1780 564 1839 te
588 1779 664 1839 tuus
688 1779 856 1859 quaestor,
885 1773 927 1840 M.
947 1773 1067 1858 Varro,
1090 1775 1364 1858 proficisceretur,
1393 1794 1558 1837 commen·

274 1882 403 1946 datione
423 1904 517 1967 egere
536 1906 611 1947 eum
629 1905 694 1947 non
713 1883 886 1966 putabam3
910 1882 990 1946 satis
1010 1882 1096 1947 enim
1116 1881 1378 1947 commendatum
1398 1879 1462 1944 tibi
1482 1902 1558 1945 eum

272 1988 457 2053 arbitrabar
481 1989 521 2053 ab
545 1990 617 2075 ipso
641 2012 731 2055 more
755 1989 924 2074 maiorum,
949 1990 1014 2073 qui,
1038 1994 1075 2053 ut
1095 1992 1129 2053 te
1146 2011 1213 2052 non
1231 1987 1327 2073 fugit,
1350 1986 1435 2051 banc
1460 2009 1557 2071 quae·

273 2100 382 2159 sturae
407 2096 669 2162 coniunctionem
692 2097 870 2162 liberorum
891 2096 1124 2162 necessitudini
1143 2094 1326 2179 proximam
1344 2094 1451 2159 voluit
1472 2115 1558 2177 esse3

170 2257 174 2264 .
273 2204 343 2288 sed,
373 2225 446 2269 cum
470 2203 533 2268 sibi
558 2204 604 2269 ita
631 2205 848 2288 persuasisset
875 2205 957 2288 ipse,
988 2225 1076 2268 meas
1105 2203 1143 2267 de
1172 2225 1206 2267 se
1235 2205 1385 2267 accurate
1413 2201 1557 2285 scriptas
1574 2226 1599 2265 15

273 2310 400 2375 litteras
424 2311 602 2375 maximum
626 2312 711 2395 apud
735 2317 767 2375 te
791 2311 916 2396 pondus
940 2310 1124 2394 habituras,
1153 2332 1172 2373 a
1195 2331 1310 2394 meque
1334 2309 1560 2392 contenderet,

273 2423 310 2482 ut
329 2440 427 2502 quam
446 2418 696 2503 diligentissime
717 2419 901 2502 scriberem,
919 2417 1020 2482 malui
1041 2416 1157 2503 facere,
1176 2416 1261 2501 quod
1276 2437 1367 2480 meus
1381 2415 1557 2479 familiaris

237 2526 357 2589 atanti
391 2548 450 2589 sua
482 2525 639 2591 interesse
673 2526 897 2591 arbitraretur.
938 2530 975 2589 ut
1003 2525 1106 2610 igitur
1133 2524 1249 2588 debere
1278 2545 1329 2588 me
1358 2523 1466 2587 facere
1495 2523 1558 2588 hoc

273 2633 455 2718 intellegas,
478 2656 551 2696 cum
575 2634 716 2717 primum
740 2633 783 2697 M.
801 2633 973 2697 Terentius
997 2633 1031 2696 in
1054 2631 1162 2696 forum
1187 2631 1285 2714 venit,
1309 2630 1349 2693 ad
1372 2629 1558 2694 amicitiam

273 2763 306 2804 se
331 2762 436 2804 meam
461 2741 614 2825 contulit,
637 2740 760 2824 deinde,
782 2744 820 2803 ut
844 2762 878 2804 se
903 2739 1143 2823 conroboravit,
1166 2738 1247 2802 duae
1272 2758 1389 2802 causae
1413 2759 1597 2802 accessa-eo

272 2852 358 2931 runt,
382 2870 464 2930 quae
489 2869 594 2911 meam
617 2846 651 2911 in
674 2847 768 2912 illum
792 2847 1052 2912 benevolentiam
1076 2847 1248 2932 augerent:
1271 2866 1351 2929 una,
1376 2845 1465 2929 quod
1489 2867 1557 2910 ver-

273 2953 407 3016 sabatur
430 2953 464 3016 in
487 2953 548 3018 hoe
572 2955 681 3019 studio
704 2961 833 3038 nostro,
858 2977 921 3039 quo
946 2955 1044 3018 etiam
1068 2976 1154 3018 nunc
1177 2952 1319 3017 maxime
1343 2951 1557 3039 delectamur,
1638 3016 1642 3020 e

273 3063 306 3122 et
330 3080 403 3123 cum
427 3060 572 3145 ingenio,
595 3066 633 3125 ut
655 3062 758 3146 nosti,
784 3085 844 3126 nec
867 3062 936 3127 sine
960 3061 1134 3144 industria,
1162 3060 1291 3143 deinde,
1314 3059 1400 3143 quod
1426 3063 1556 3124 mature

273 3187 307 3228 se
323 3166 462 3230 eontulit
476 3167 510 3230 in
525 3167 697 3232 societates
717 3169 931 3253 publicorum,
951 3168 1036 3252 quod
1056 3168 1187 3253 quidem
1205 3167 1327 3232 nollem
1344 3203 1383 3210 —
1401 3166 1555 3230 maximis

273 3271 359 3335 euim
383 3273 511 3338 damnis
540 3274 686 3339 adfectus
714 3280 764 3340 est
783 3314 840 3359 —,
868 3276 923 3340 sed
953 3280 1062 3339 tamen
1091 3298 1189 3340 causa
1217 3273 1400 3339 eommunis
1431 3273 1554 3337 ordinis
1569 3295 1593 3333 25

273 3377 353 3443 milri
382 3381 693 3446 commendatissimi
720 3383 799 3447 fecit
826 3383 1005 3447 amicitiam
1033 3386 1181 3446 nostram
1213 3381 1406 3463 firmiorem3
1441 3379 1555 3444 deinde

273 3490 419 3550 versatus
443 3488 477 3550 in
501 3488 647 3572 utrisque
672 3490 836 3573 supselliis
857 3490 981 3573 optima
1000 3493 1033 3553 et
1051 3489 1114 3552 fide
1134 3492 1167 3552 et
1185 3488 1273 3552 fama
1291 3487 1356 3550 iam
1377 3492 1456 3552 ante
1472 3487 1555 3551 hanc

272 3595 562 3658 commutationem
592 3597 637 3659 rei
661 3619 690 3679 p.
719 3597 871 3681 petitioni
900 3618 969 3661 sese
998 3596 1086 3660 (ledit
1113 3595 1335 3678 honoremque
1364 3592 1554 3659 honestissi-

237 3726 251 3771 3
272 3723 361 3765 mum
385 3701 585 3765 existimavit
608 3702 751 3767 fructum
774 3703 897 3767 laboris
922 3703 985 3786 sui3
1015 3703 1067 3767 his
1096 3705 1205 3766 autem
1230 3700 1437 3785 temporibus
1462 3723 1480 3765 a
1504 3723 1553 3765 me

271 3807 446 3873 Brundisio
471 3831 543 3873 cum
567 3810 687 3873 litteris
711 3815 744 3874 et
768 3810 929 3873 mandatis
952 3809 1118 3894 profectus
1143 3809 1183 3873 ad
1207 3805 1381 3873 Caesarem
1406 3813 1468 3891 est,
1491 3830 1553 3892 qua
1567 3828 1590 3867 a

271 3916 363 3980 inre
388 3920 421 3980 et
449 3937 592 3980 amorem
620 3916 688 3980 eius
716 3917 750 3980 in
778 3917 981 4000 suscipiendo
1010 3915 1144 4001 negotio
1174 3915 1324 4000 perspexi
1356 3919 1389 3979 et
1419 3916 1455 3980 in
1481 3937 1553 3980 con-

272 4020 409 4086 ficiendo
434 4044 471 4086 ae
495 4022 711 4087 renuntiando
735 4022 839 4087 fidem.
882 4022 994 4087 videor
1017 4022 1107 4108 mihi,
1131 4044 1205 4086 cum
1224 4023 1403 4106 separatim
1424 4023 1464 4086 de
1481 4044 1553 4106 pro·

271 4129 376 4192 bitate
400 4128 468 4191 eius
494 4133 526 4193 et
550 4128 696 4193 moribus
720 4129 865 4194 dicturus
889 4128 1033 4212 fuissem,
1057 4129 1085 4193 si
1108 4129 1199 4213 prius
1224 4150 1374 4213 causam,
1397 4149 1456 4192 cur
1479 4150 1552 4192 eum

271 4362 297 4410 p,
318 4349 376 4409 cl),
406 4343 520 4394 iniuria.
562 4342 595 4393 de
623 4339 751 4409 magistri
778 4358 801 4394 v.
830 4343 879 4395 bec
906 4358 959 4394 asic
982 4342 1017 4407 ef.
1042 4341 1210 4410 llIarquardt
1239 4340 1272 4394 ‘r.
1298 4338 1486 4394 Slootsrerwss
1511 4337 1552 4392 11²

268 4419 422 4482 p.300,12
446 4415 455 4479 ΙΙ
483 4418 525 4464 28.
545 4411 573 4463 in
592 4411 814 4465 maioremodum
832 4413 869 4465 Μ
892 4415 901 4477 [l
929 4419 952 4466 1.
972 4411 1001 4464 in
1021 4411 1126 4482 operis]
1152 4413 1187 4479 ef.
1207 4411 1377 4479 Murqcordt
1393 4428 1424 4479 p.
1440 4416 1531 4476 ³01‚³

272 4490 295 4538 3.
316 4483 399 4537 facile
423 4484 500 4535 factu
525 4487 568 4536 est
586 4482 627 4551 D,
656 4483 673 4535 l.
699 4482 791 4535 faetus
815 4486 858 4535 est
881 4485 926 4550 M,
955 4483 1061 4536 laetum
1084 4483 1168 4536 facile
1192 4484 1235 4535 est
1258 4481 1296 4536 H.
1335 4480 1423 4535 facile
1449 4481 1553 4535 factust

271 4557 355 4621 far'sse
369 4557 476 4609 uidetur
489 4572 537 4608 nec
551 4572 612 4608 cero
626 4572 686 4607 curu
704 4554 821 4619 lr'lepm'o
837 4558 876 4622 (p.
889 4559 933 4622 49)
948 4554 966 4607 f.
983 4555 1060 4607 factu
1075 4553 1113 4607 sit
1126 4558 1135 4614 l
1149 4559 1173 4608 5.
1193 4557 1222 4606 te
1236 4569 1319 4621 quem
1333 4569 1370 4606 rn.
1386 4553 1427 4606 M
1437 4556 1446 4622 ll
1461 4557 1485 4607 7.
1502 4551 1551 4622 eis]

272 4626 316 4678 his
326 4629 362 4692 Ψ,
376 4625 438 4683 iias
453 4631 462 4688 ΙΙ
476 4632 518 4678 ⁶31.
534 4625 562 4677 in
576 4624 657 4676 illum
668 4627 708 4691 M,
724 4644 773 4678 einr.
785 4626 846 4678 HD
859 4628 868 4692 ΙΙ
882 4632 924 4677 22.
940 4625 1017 4679 etian
1026 4643 1100 4678 nunc
1109 4626 1145 4678 M
1156 4626 1201 4692 (cf.
1213 4624 1366 4693 x[1‚15‚a;
1381 4622 1552 4691 X111,1s,a)‚

272 4696 359 4747 etiam
378 4698 410 4750 H
421 4701 430 4763 ΙΙ
445 4703 486 4749 2¹4.
507 4695 641 4749 societate
661 4697 722 4749 HD
736 4700 744 4764 Η
759 4695 933 4764 publicorum
953 4697 1026 4764 ΜΗ,
1045 4695 1259 4765 publicanorum
1278 4694 1315 4749 D.
1345 4696 1380 4761 cs.
1399 4697 1554 4750 Gronovius

238 4786 245 4799 ι
274 4765 394 4820 ‘obsera’
412 4785 441 4834 p.
458 4772 555 4834 ittsq.
575 4769 614 4821 cd.
635 4769 760 4824 Placuer.
779 4768 946 4836 Murquurdt
966 4769 999 4822 ‘c
1020 4768 1149 4822 Staures?
1170 4767 1214 4820 11¹
1228 4784 1258 4836 p.
1273 4771 1335 4834 300,
1350 4771 1366 4819 2
1381 4769 1392 4835 ss
1407 4772 1449 4820 25.
1470 4782 1555 4820 causa

273 4835 342 4903 111),
361 4854 411 4890 om.
432 4838 469 4889 Μ
480 4841 489 4905 l
503 4842 545 4891 31.
565 4842 606 4892 3⁸2.
627 4840 656 4891 et
674 4837 845 4891 conficiendo
865 4839 895 4890 ll
