3314 5460
517 382 772 438 EPISTVLABVM
792 382 864 437 Xlll.
886 388 908 436 7.
929 390 952 436 8.
973 389 997 437 9.
1333 382 1399 446 345

116 549 224 614 dicam
248 570 315 612 non
337 569 407 613 esse
431 570 448 612 e
471 570 506 612 re
529 571 559 632 p.
583 547 696 631 dividi,
727 547 841 612 docere
871 552 903 612 te
932 547 1055 632 videar,
1086 568 1152 612 non
1181 569 1311 632 rogare3
1344 547 1399 611 sed

119 662 238 741 tamen,
262 678 336 720 cum
359 653 480 720 Caesar
504 653 654 720 Sullanas
678 654 880 720 venditiones
900 660 934 719 et
953 654 1196 741 adsignationes
1220 659 1309 719 ratas
1330 676 1398 718 esse

117 763 206 846 velit,
231 784 296 846 quo
315 762 475 828 firmiores
494 762 724 827 existimentur
742 784 827 846 suae,
852 762 879 826 si
899 784 937 827 ea
955 762 1088 846 praedia
1106 761 1299 846 dividentur,
1318 783 1400 845 quae

117 871 188 954 ipse
208 867 331 934 Cacsar
352 869 506 953 vendidit,
530 891 611 953 qnae
631 870 762 933 tandem
782 870 816 933 in
835 869 902 933 cius
922 869 1166 935 venditionibus
1187 891 1258 933 esse
1277 868 1400 952 poterit

92 977 323 1042 auctoritas?
360 978 431 1063 sed,
452 976 515 1042 hoc
539 977 634 1060 quale
658 976 717 1061 sit,
741 981 778 1040 tu
801 976 861 1062 pho
885 979 943 1041 tua
970 976 1142 1060 prudentia
1170 976 1399 1042 considerabis.

118 1105 181 1170 ego
205 1089 239 1149 te
262 1084 358 1168 plane
381 1105 463 1170 rogo
487 1088 584 1168 atque
612 1084 672 1168 ita,
702 1088 739 1148 ut
762 1083 884 1148 maiore
914 1084 1037 1170 studio,
1064 1084 1199 1149 iustiore
1227 1084 1266 1149 de
1294 1101 1434 1167 causas

119 1192 226 1277 magis
254 1213 293 1256 ex
321 1191 430 1255 animo
459 1211 575 1276 rogare
602 1191 683 1255 nihil
712 1190 850 1275 possim,
883 1195 920 1255 ut
946 1189 1081 1255 Albinio
1108 1213 1235 1275 parcas,
1267 1190 1400 1275 praedia

118 1296 303 1361 Laberiana
326 1320 366 1362 ne
390 1297 543 1383 attingas.
586 1319 706 1383 magna
728 1320 779 1363 me
804 1297 960 1362 adfeceris
982 1318 1050 1362 non
1068 1297 1165 1361 modo
1184 1297 1321 1382 laetitia,
1344 1297 1400 1361 sed

118 1404 220 1468 etiam
239 1403 483 1494 ‘quodammodo
507 1405 622 1490 gloria,
645 1405 673 1469 si
697 1405 731 1469 P.
752 1404 879 1470 Sestius
903 1404 1028 1468 homini
1051 1405 1191 1469 maxime
1216 1405 1400 1470 necessario

78 1534 104 1572 ιο
118 1511 202 1574 satis
220 1509 337 1575 fecerit
354 1534 413 1596 per
432 1534 492 1598 me,
515 1517 553 1576 ut
571 1533 633 1598 ego
653 1512 701 1576 illi
720 1513 777 1576 uni
795 1513 973 1596 plurimum
992 1513 1107 1597 dcbc03
1131 1512 1216 1595 quod
1235 1516 1272 1576 ut
1290 1512 1401 1594 facias,

118 1622 154 1680 te
177 1617 386 1682 vehementer
409 1619 509 1684 etiam
532 1624 630 1703 atque
650 1618 750 1684 etiam
768 1641 865 1705 rogo:
888 1620 993 1683 maius
1012 1619 1093 1682 mihi
1113 1620 1188 1683 dare
1208 1619 1399 1684 beneficium

117 1724 246 1788 nullum
271 1729 377 1808 potes:
400 1726 434 1790 id
457 1726 538 1790 mihi
562 1726 734 1812 intelleges
758 1749 828 1791 esse
852 1725 1086 1812 gratissimum.
1113 1803 1116 1807 ⁴

662 1940 719 2005 ru.
757 1939 860 2026 (113.)

513 2099 672 2165 crosno
697 2098 957 2165 caussinum
983 2101 1014 2165 s.

76 2285 103 2325 15
209 2260 412 2346 Quamquam
437 2262 497 2326 tibi
522 2283 674 2345 praesens
698 2261 935 2347 commendavi,
963 2267 1000 2326 nt
1023 2264 1115 2347 potui
1140 2264 1434 2349 diligentissimi

117 2369 227 2432 socios
254 2368 431 2453 Bithyniae
462 2373 558 2451 teque
588 2382 661 2434 cum
690 2391 762 2434 mea
790 2369 1084 2454 commendatione,
1118 2377 1187 2435 tum
1216 2371 1316 2434 ctiam
1345 2377 1401 2434 tua

118 2480 237 2559 sponte
274 2474 421 2539 intellexi
459 2497 574 2560 cupere
610 2477 638 2539 ei
672 2474 822 2541 societati
860 2476 1116 2561 quibuscumque
1154 2478 1251 2542 robus
1288 2500 1400 2561 posses

118 2583 338 2667 commodare,
361 2586 479 2668 tamen,
503 2605 576 2648 cum
600 2583 639 2666 ei,
662 2606 800 2669 quorum
819 2605 870 2648 res
890 2584 1009 2669 agitur,
1033 2584 1147 2669 magni
1166 2606 1225 2648 sua
1244 2584 1400 2648 interesse

118 2689 360 2753 arbitrarentur
384 2712 435 2753 me
459 2690 558 2754 etiam
581 2713 639 2774 per
662 2691 790 2755 litteras
814 2691 976 2755 declarare
1001 2690 1077 2775 tibi,
1107 2713 1171 2774 qua
1195 2712 1298 2755 cssem
1323 2712 1401 2775 erga

75 2796 211 2880 scipsos
235 2795 418 2881 voluntate,
449 2819 516 2860 non
544 2797 691 2862 dubitavi
720 2798 798 2862 haec
827 2798 866 2862 ad
896 2804 928 2862 te
957 2798 1105 2864 scribere.
1151 2798 1225 2862 volo
1254 2796 1339 2861 cnim
1368 2802 1435 2862 tc‘r

120 2901 311 2967 existimare
335 2926 399 2987 mc,
423 2925 496 2967 cum
520 2904 671 2969 universo
695 2905 798 2968 ordini
823 2904 1071 2988 publicanorum
1100 2926 1227 2989 semper
1254 2903 1401 2968 libentis·

118 3010 203 3073 sime
227 3009 399 3075 tribuerim
422 3001 519 3095 idque
550 3011 677 3096 magnis
707 3012 775 3076 eius
804 3012 927 3076 ordinis
956 3033 1034 3098 erga
1062 3034 1112 3076 mc
1141 3010 1267 3076 meritis
1296 3011 1400 3075 facere

118 3115 303 3200 debuerim,
335 3120 406 3181 tum
433 3117 467 3181 in
495 3117 610 3201 primis
643 3119 783 3183 amicum
811 3141 881 3183 esse
911 3119 987 3184 huic
1015 3117 1209 3203 Bithynicae
1243 3118 1409 3202 societati,

118 3244 204 3306 quae
229 3223 368 3288 societas
392 3224 517 3310 ordine,
545 3225 617 3308 ipso
645 3225 815 3289 hominum
843 3247 960 3311 genere
988 3249 1064 3310 pars
1089 3231 1140 3291 est
1163 3225 1304 3290 maxima
1328 3225 1402 3289 civi-

71 3329 201 3399 aratis
220 3336 414 3396 —constat
438 3332 523 3396 enim
552 3354 590 3396 cx
619 3333 735 3397 ceteris
764 3333 976 3399 societatibus
995 3372 1052 3418 —,
1081 3338 1113 3397 et
1143 3355 1219 3398 casn
1247 3331 1401 3416 permulti

10 3490 26 3519 ,
116 3440 199 3501 sunt
222 3435 317 3502 inea
340 3439 497 3504 societate
526 3438 617 3503 valde
646 3439 728 3503 mihi
755 3439 945 3524 familiares,
976 3441 1010 3504 in
1037 3439 1216 3524 primisque
1240 3440 1281 3521 is,
1310 3438 1400 3502 cuius

116 3543 330 3627 praecipuum
354 3544 499 3610 officinm
519 3546 629 3631 agitur
648 3547 710 3612 hoo
730 3551 886 3631 tempore,
909 3546 943 3610 P.
964 3547 1113 3631 Rupilius
1133 3546 1167 3610 P.
1188 3546 1208 3609 f.
1229 3545 1322 3628 Men,
1345 3543 1400 3627 qui

115 3654 173 3713 est
190 3650 349 3735 magister
366 3652 401 3716 in
420 3675 458 3717 ea
477 3653 641 3718 societate.
680 3675 761 3736 qnae
781 3675 854 3718 cum
873 3653 921 3716 ita
941 3653 1016 3736 sint,
1041 3653 1072 3715 in
1092 3653 1249 3716 maiorem
1268 3651 1400 3714 modum
1420 3676 1435 3723 3

210 3849 234 3898 3.
254 3859 322 3898 suae
341 3843 365 3897 si
383 3860 418 3898 ea
432 3845 473 3912 M,
494 3863 544 3899 sua
563 3849 607 3900 est
626 3862 660 3899 ca
677 3847 728 3912 11¹,
748 3863 799 3899 sua
818 3849 860 3899 tes
878 3862 912 3898 ea
926 3846 959 3899 Η
964 3846 981 3912 ²,
1002 3861 1053 3898 sua
1067 3844 1121 3897 ctsi
1136 3860 1170 3897 ea
1185 3845 1213 3897 1)
1227 3846 1236 3912 ΙΙ
1251 3851 1274 3898 4.
1294 3843 1401 3912 poterit

114 3930 184 3971 csso
201 3914 290 3984 Das.
311 3916 446 3970 autoritas
464 3918 503 3971 M
512 3920 522 3983 11
537 3923 560 3973 7.
580 3917 695 3971 albania
718 3921 805 3986 Ψ118.
825 3916 972 3971 laberiana
989 3932 1025 3968 ne
1044 3915 1171 3985 attingas
1190 3917 1235 3983 Μ,
1262 3914 1402 3969 liberiana

112 4004 153 4042 ne
170 3988 215 4054 (ea
228 4003 283 4040 nou
297 3986 351 4056 ΠΙ)
370 3989 472 4057 tangas
487 3988 549 4042 HD
562 3991 571 4057 ΙΙ
586 3995 609 4044 9.
629 3987 773 4057 quoddam
786 3988 868 4042 modo
884 3989 919 4041 M
931 3989 940 4056 ΙΙ
955 3997 978 4042 tt.
996 3994 1036 4042 lo.
1051 4006 1078 4056 p.
1094 3986 1180 4041 seatio
1195 3987 1221 4042 h.
1237 4005 1272 4040 m.
1289 4006 1315 4041 n.
1331 3987 1400 4040 satis

113 4057 219 4112 feceris
234 4058 268 4111 H
278 4061 288 4128 ΙΙ
302 4064 344 4113 10.
359 4075 410 4128 per
423 4060 492 4127 HD,
506 4076 557 4128 pro
572 4061 608 4114 M
619 4064 627 4126 l
642 4064 673 4114 ut
688 4105 693 4115 .
706 4105 710 4114 .
724 4106 729 4115 .
744 4060 833 4114 debeo
845 4061 966 4126 Ernesti,
981 4062 1012 4112 ut
1027 4101 1032 4112 .
1045 4104 1049 4113 .
1063 4104 1067 4112 .
1083 4058 1202 4112 debeam
1217 4063 1250 4112 Ψ.
1280 4075 1342 4113 cum

113 4129 240 4184 debeam
259 4146 275 4188 ς
293 4133 303 4198 l
322 4135 364 4185 12.
383 4129 576 4199 gratissimum
600 4148 660 4186 esse
680 4132 713 4184 H
728 4134 737 4200 11
757 4137 797 4186 14,
818 4130 972 4200 crassipedi
990 4149 1023 4186 ex
1042 4129 1129 4185 craesi
1148 4131 1198 4184 ΜΟ
1219 4133 1228 4199 ΙΙ
1250 4136 1290 4184 16.
1311 4129 1401 4184 socios

112 4199 284 4272 Bithyniae]
298 4203 391 4256 eadem
400 4205 598 4258 cmwtructiom
609 4204 722 4258 Graeci:
736 4206 863 4272 Ποῦλχερ
877 4211 1021 4257 κοινωνῶν
1033 4199 1150 4272 λιμένων
1158 4200 1245 4264 Ἀσίας
1255 4199 1402 4271 οἰκονόμος

112 4273 178 4342 (‘P.
196 4274 331 4327 sociorum
349 4280 482 4341 portum
500 4276 708 4343 (portariorum)
728 4277 812 4329 Anae
830 4276 962 4343 cillicars')
981 4275 1047 4328 ball.
1066 4275 1098 4328 de
1116 4274 1259 4329 οονο.1ιο11.
1275 4273 1306 4326 X.
1323 4276 1401 4326 1886.

108 4364 141 4414 p.
160 4345 237 4411 astu
256 4347 297 4397 17.
319 4348 360 4398 18.
380 4361 476 4412 posses
496 4345 684 4416 commodare]
702 4361 784 4414 posse
804 4345 998 4399 commendare
1022 4348 1052 4398 Ψ
1066 4347 1075 4413 ΙΙ
1095 4350 1135 4399 18.
1156 4345 1193 4415 ei]
1213 4343 1242 4396 hi
1264 4346 1300 4410 Ψ,
1322 4343 1342 4396 ii
1363 4345 1402 4412 3¹!

112 4421 161 4468 20.
175 4412 249 4482 ipsos
256 4414 330 4481 MD,
340 4412 404 4468 illos
413 4416 447 4469 H
452 4419 461 4483 lt
471 4421 513 4471 20.
523 4423 563 4470 21.
576 4416 650 4470 enim
658 4416 820 4470 existimare
831 4417 862 4470 Π
875 4482 876 4486 ¹
887 4422 928 4471 21.
937 4422 979 4470 22.
992 4415 1153 4488 (multum)
1163 4433 1184 4469 s.
1194 4416 1210 4470 l.
1220 4414 1366 4468 tribuerim
1376 4433 1401 4482 ς,

112 4506 136 4541 s.
160 4483 347 4539 Ltribuerim
366 4484 558 4557 (plurimum)
578 4488 699 4559 Kayser,
725 4491 839 4543 iniuria.
873 4491 908 4553 cf.
933 4489 1095 4557 Nipperdey
1117 4489 1154 4542 od
1176 4488 1238 4541 Tac.
1259 4504 1324 4540 onai.
1344 4488 1357 4538 l
1377 4493 1400 4554 7,

111 4556 410 4625 Namusam-Malta
429 4559 488 4613 ‘tat
508 4559 581 4612 Stil!
597 4578 627 4628 p.
643 4561 712 4611 4o0⁸
726 4562 735 4628 ll
754 4565 795 4613 22.
816 4558 846 4612 id
865 4576 937 4627 quae
956 4577 992 4613 m.
1012 4560 1049 4612 M
1068 4561 1076 4627 11
1100 4565 1142 4612 24,
1162 4558 1259 4611 ordino
1278 4557 1339 4626 ipso
1359 4559 1400 4626 M,

110 4628 284 4697 videturque,
300 4630 452 4699 asyndeton
470 4630 495 4684 lt.
515 4648 618 4700 quoque
637 4632 654 4685 l.
670 4648 748 4700 posse
773 4632 855 4697 ferri,
883 4630 979 4684 ordine
1003 4629 1064 4698 ipso
1084 4632 1113 4684 et
1131 4630 1199 4684 HD.
1233 4628 1330 4683 ordine
1349 4631 1400 4684 dcl.

111 4701 234 4755 mnata
255 4702 265 4768 u
287 4715 353 4767 pare
373 4702 417 4754 est
434 4700 569 4825 maximni]
589 4719 701 4770 prorsus
726 4705 769 4755 cst
791 4701 915 4755 maxima
937 4702 977 4756 vel
1001 4700 1093 4769 prima
1117 4704 1160 4753 est
1184 4701 1253 4772 <et>
1277 4700 1402 4755 maxima

110 4772 218 4827 Scato
231 4772 297 4839 [127.
316 4769 346 4826 P.
360 4770 491 4841 Rupilius
505 4772 535 4827 P.
564 4816 569 4826 .
585 4773 671 4844 Mem]
686 4775 721 4839 cf.
736 4775 845 4828 Davana
859 4775 896 4828 act
908 4773 934 4827 0.
946 4774 970 4826 I.
981 4772 1015 4826 L.
1030 4772 1094 4826 XIV
1106 4792 1134 4842 p.
1146 4779 1197 4825 ‘389
1212 4774 1221 4842 l
1235 4777 1278 4826 at.
1294 4778 1335 4827 ⁴28.
1352 4773 1402 4841 qui

110 4845 162 4897 est
182 4840 319 4911 magister
336 4841 367 4896 in
385 4859 419 4896 ea
438 4842 574 4898 societate
593 4852 742 4913 praecunte
765 4863 798 4899 nc
818 4850 898 4914 parte
918 4845 1040 4914 chynio
1064 4846 1114 4899 del.
1134 4845 1207 4898 Boot
1229 4844 1307 4914 (aba.
1326 4847 1399 4901 crit!
