3314 5460
198 354 263 418 390
651 351 688 405 Μ.
708 349 814 404 TVLLI
834 348 1023 405 CICERONIS

198 517 290 584 cuius
305 517 466 582 commodi
482 515 656 600 aliquando
675 514 886 600 recuperandi
906 536 998 599 spem
1016 513 1148 579 fortuna
1168 514 1356 599 reservarit,
1373 513 1485 578 minus

198 629 250 690 est
278 628 424 689 erratum
446 647 467 689 a
488 622 599 708 nobis3
631 622 659 687 si
686 621 766 686 haec
795 621 882 687 mala
911 623 976 686 fixa
1004 626 1095 705 sunt,
1127 641 1189 707 ego
1217 641 1293 686 vero
1322 625 1355 685 te
1384 642 1486 705 quam

199 733 352 818 primurn,
375 753 447 796 mea
470 731 548 815 rita,
572 729 667 815 cupio
690 729 800 794 ridere
824 734 857 795 et
879 730 914 794 in
936 734 993 794 tuo
1014 728 1174 814 conplexu
1192 729 1304 814 emori,
1329 729 1488 813 quoniam

199 861 304 924 neque
328 838 390 921 dii,
414 861 496 923 quos
520 842 557 902 tu
582 836 764 902 castissime
787 835 933 921 coluisti,
956 859 1060 921 neque
1083 835 1247 922 homines,
1274 835 1394 920 quibus
1424 857 1487 922 ego

166 963 330 1031 asemper
362 946 501 1030 servivi,
536 944 632 1009 nobis
666 944 808 1030 gratiam
841 944 1052 1009 redtulorunt.
1106 965 1168 1008 nos
1200 942 1367 1008 Brundisii
1400 943 1489 1028 apud
1516 965 1530 1005 s

199 1050 242 1117 M.
262 1050 420 1116 Laenium
443 1049 598 1117 Flaccum
621 1051 690 1116 dies
716 1068 781 1115 xm
804 1050 936 1134 fuimus,
959 1050 1064 1115 virum
1088 1051 1258 1136 optimum,
1282 1050 1338 1134 qni
1360 1051 1491 1134 pericu·

199 1160 269 1224 lum
292 1160 498 1224 fortunarum
521 1162 554 1222 et
578 1157 695 1242 capitis
720 1157 770 1222 sui
793 1180 871 1242 prae
895 1158 1096 1223 mea-salute
1115 1157 1260 1243 neglexit
1277 1178 1384 1242 neque
1404 1157 1490 1243 legis

200 1265 463 1350 improbissimae
487 1287 593 1350 poena
616 1265 773 1329 deductus
797 1268 862 1349 est,
885 1286 949 1348 quo
974 1264 1082 1329 minus
1105 1263 1243 1349 hospitii
1267 1269 1300 1329 et
1322 1264 1491 1330 amicitiae

202 1373 253 1437 ins
277 1372 484 1457 officiumque
509 1375 704 1456 praestaret:
735 1371 811 1437 huic
838 1371 965 1435 utinam
982 1371 1168 1456 ‘aliquando
1196 1370 1339 1457 gratiam
1367 1370 1492 1437 referre

70 1461 77 1474 ⁶
170 1480 387 1564 apossimusl
419 1478 613 1543 habebimus
647 1477 778 1562 quidem
811 1499 947 1561 semper.
996 1476 1171 1542 Brundisio
1203 1478 1341 1563 proiecti
1375 1501 1491 1543 sumus
1509 1502 1533 1540 ro

207 1607 234 1652 a.
258 1586 286 1649 d.
311 1604 337 1649 11
361 1584 401 1651 K.
424 1584 513 1649 Mai:
544 1607 602 1669 per
624 1583 850 1649 Macedoniam
873 1581 1028 1668 Cyzicum
1055 1586 1254 1669 petebamus.
1296 1607 1392 1651 ome
1420 1608 1494 1670 per·

208 1693 327 1758 ditum!
346 1715 365 1758 o
385 1691 558 1757 afflictum!
579 1692 655 1776 quid
675 1713 761 1756 nunc
780 1712 894 1777 rogem
913 1697 955 1775 te,
973 1695 1011 1756 ut
1029 1692 1149 1776 venias,
1168 1692 1337 1756 mulierem
1356 1713 1493 1778 aegram

207 1803 242 1864 et
265 1820 400 1882 corpore
425 1801 459 1862 et
482 1799 589 1862 animo
614 1796 817 1863 confectam?
854 1819 919 1861 non
942 1798 1077 1884 rogem?
1114 1798 1183 1863 sine
1211 1803 1244 1864 te
1272 1799 1377 1885 igitur
1406 1798 1494 1864 sim?

208 1906 333 1990 opinor,
356 1904 403 1969 sic
428 1927 536 1991 agam:
561 1905 588 1969 si
612 1909 663 1970 est
686 1926 760 1989 spes
783 1905 889 1968 nostri
912 1905 1052 1991 reditus,
1074 1928 1145 1970 eam
1169 1907 1340 1971 confirmes
1365 1911 1400 1972 et
1422 1929 1495 1972 rem

208 2012 355 2097 adiuves3
377 2011 438 2095 sin,
461 2016 499 2077 ut
521 2034 582 2098 ego
607 2016 727 2096 metuo,
750 2015 954 2076 transactum
978 2016 1038 2097 est,
1062 2033 1191 2098 quoquo
1214 2014 1311 2079 modo
1333 2018 1427 2098 potes
1454 2015 1496 2079 ad
1512 2037 1536 2076 15

208 2143 260 2185 me
288 2119 340 2185 fac
363 2119 482 2185 venias.
530 2142 632 2184 unum
658 2119 721 2183 hoc
749 2119 846 2183 scito:
874 2119 958 2183 site
986 2118 1130 2205 habebo,
1155 2141 1222 2184 non
1249 2118 1329 2185 mibi
1358 2121 1497 2187 videbor

208 2227 305 2312 plane
330 2226 460 2311 perisse.
503 2227 559 2290 sed
584 2226 661 2310 quid
686 2225 828 2290 Tulliola
851 2248 924 2291 mea
943 2225 1021 2289 fiet?
1059 2225 1124 2290 iam
1143 2226 1176 2291 id
1195 2248 1253 2291 vos
1272 2227 1392 2293 videte:
1412 2228 1497 2293 mihi

208 2334 281 2399 dest
305 2333 486 2398 consilium.
528 2333 585 2398 sed
608 2337 710 2417 certe,
740 2354 870 2418 quoquo
894 2334 989 2398 modo
1014 2354 1122 2398 seres
1145 2333 1295 2417 habebit,
1322 2334 1413 2399 illius
1436 2336 1498 2399 mi·

209 2440 308 2506 sellae
332 2443 366 2504 et
389 2440 598 2505 matrimonio
623 2444 657 2504 et
679 2440 784 2503 famae
809 2439 1015 2504 serviendum
1037 2443 1095 2505 est.
1138 2438 1238 2524 quid?
1266 2436 1381 2507 (liceto
1401 2465 1496 2507 meus

210 2548 287 2632 quid
316 2547 416 2632 aget?
457 2547 519 2611 iste
549 2569 624 2611 vero
653 2547 698 2611 sit
724 2547 760 2610 in
787 2547 861 2610 sinu
892 2568 1020 2631 semper
1051 2550 1085 2610 et
1112 2547 1270 2631 conplexu
1299 2570 1383 2614 meo.
1428 2569 1537 2615 nonu

210 2677 292 2739 queo
319 2654 412 2737 plura
439 2653 505 2717 iam
533 2654 688 2719 scribere:
721 2652 846 2736 inpedit
874 2675 1009 2717 maeror.
1052 2658 1089 2717 tu
1117 2653 1194 2737 quid
1222 2654 1342 2740 egeris,
1369 2657 1498 2722 nescio:

174 2766 322 2826 rutrum
346 2760 469 2844 aliquid
494 2747 680 2844 teness'an,
703 2760 790 2844 quod
813 2764 933 2842 metu0,
956 2760 1052 2844 plane
1076 2760 1121 2825 sis
1140 2761 1290 2845 spoliata.
1330 2759 1498 2844 Pisonem,

209 2872 247 2933 nt
270 2866 401 2952 scribis,
432 2888 527 2951 spero
557 2867 625 2932 lore
652 2889 780 2951 semper
807 2871 967 2932 nostrum.
1009 2869 1048 2932 de
1075 2867 1203 2934 familia
1228 2867 1383 2950 liberata,
1411 2868 1498 2934 nihil

211 2979 261 3040 est
285 2974 372 3058 quod
395 2978 428 3038 te
454 2977 594 3038 moveat:
623 2974 766 3058 primum
789 2973 855 3038 tuis
878 2974 927 3038 ita
953 2975 1151 3059 promissum
1179 2979 1243 3060 est,
1270 2978 1303 3038 te
1330 2973 1498 3041 facturam

211 3103 290 3164 esse,
313 3085 350 3144 ut
375 3081 512 3164 quisque
536 3085 622 3145 esset
646 3081 796 3164 meritus,
820 3083 871 3145 est
893 3084 1003 3144 autem
1026 3083 1061 3146 in
1080 3081 1189 3146 officio
1210 3081 1315 3146 adhuc
1333 3078 1497 3168 Orpheus,
1511 3108 1536 3148 as

212 3192 382 3271 praeterea
404 3209 601 3272 magnopere
624 3210 734 3272 nemo,
767 3192 951 3253 ceterorum
974 3210 1143 3252 serrorum
1170 3210 1208 3253 ea
1231 3210 1329 3253 causa
1357 3193 1423 3274 est,
1451 3195 1499 3275 nt,

212 3294 240 3358 si
264 3315 315 3358 res
339 3293 476 3358 anobis
500 3293 636 3377 abisset,
659 3294 771 3358 liberti
794 3295 900 3359 nostri
924 3299 1047 3380 essent,
1071 3295 1099 3359 si
1123 3294 1270 3379 optinere
1298 3296 1500 3383 potuissent,

212 3400 263 3465 sin
291 3400 332 3463 sd
359 3422 419 3464 nos
448 3399 663 3485 pertinerent,
695 3401 854 3465 servirent
883 3405 1112 3486 praeterquam
1141 3401 1260 3486 oppido
1287 3404 1392 3488 pauci.
1441 3406 1499 3471 sed

178 3506 292 3572 uhaec
315 3507 443 3571 minora
466 3511 549 3572 sunt.
592 3511 628 3572 tu
653 3509 738 3591 quod
761 3530 812 3572 me
840 3508 999 3593 hortaris,
1025 3513 1063 3572 ut
1091 3508 1199 3573 animo
1229 3508 1290 3574 sim
1319 3531 1441 3598 magno
1466 3517 1500 3577 et

302 3670 326 3719 2.
346 3663 383 3734 si]
403 3663 448 3718 sin
461 3666 514 3720 alii
526 3667 536 3734 11
550 3671 575 3720 5.
595 3681 704 3734 semper
718 3666 760 3733 M,
775 3682 824 3720 om.
842 3650 933 3719 FHD
945 3669 955 3736 11
968 3665 1146 3721 redtulerunt
1159 3668 1201 3735 M,
1215 3666 1373 3721 retulerunt
1386 3667 1483 3724 ΓΗΒ
1491 3669 1500 3740 11

213 3741 237 3799 6.
256 3734 362 3789 lenium
383 3736 444 3790 ΨΜ
468 3741 478 3804 1
506 3742 529 3790 7.
570 3753 617 3790 rae
636 3737 712 3805 MD,
740 3753 790 3805 pro
812 3736 880 3791 ΓΗ.
912 3740 947 3804 cf.
968 3737 1092 3792 Schmola
1112 3755 1208 3819 propr.
1227 3738 1400 3793 Murrnlreim.
1428 3744 1497 3795 1881

210 3813 288 3877 1222
317 3809 326 3875 1
354 3811 378 3860 7.
397 3812 422 3860 8.
442 3823 532 3875 neque
550 3755 627 3876 legis
646 3806 852 3876 improbissime
872 3808 917 3875 M,
941 3825 1031 3876 neque
1055 3808 1261 3878 improbissimo
1283 3809 1347 3864 ΜΗ
1369 3812 1379 3879 1
1407 3815 1435 3864 9.
1455 3810 1500 3865 ius

214 3877 392 3945 officiumque
402 3879 446 3945 M,
465 3877 525 3931 eius
545 3878 723 3947 officiumque
736 3879 799 3933 ΜΗ
804 3879 851 3942 ²1),
871 3879 931 3932 cius
946 3879 1070 3933 officium
1080 3880 1114 3933 Η
1116 3881 1124 3914 ¹
1138 3883 1146 3946 1
1161 3879 1270 3934 utinam
1284 3879 1442 3949 aliquando
1457 3883 1499 3951 M,

214 3948 367 4017 aliqnando
382 3949 491 4002 utinam
503 3950 594 4004 FHD
607 3952 616 4019 11
632 3956 672 4004 10.
687 3949 807 4019 profecti
822 3967 916 4003 sumus
929 3950 1027 4019 FHD,
1041 3950 1262 4020 proiectissimus
1273 3953 1311 4006 M
1319 3955 1329 4021 1
1345 3958 1386 4008 11.
1402 3969 1430 4008 a.
1441 3953 1469 4008 d.
1479 3973 1500 4007 11

213 4021 340 4074 Rutilius
359 4022 404 4088 (cs.
421 4020 449 4074 0.
464 4022 488 4075 Ι.
505 4022 538 4074 L.
557 4022 577 4089 l,
599 4027 658 4075 302.
679 4027 739 4075 979.
760 4023 874 4090 racab),
903 4038 928 4077 a.
947 4022 974 4076 d.
993 4041 1011 4075 v
1032 4022 1103 4090 ΨΜ,
1127 4022 1199 4091 prid.
1219 4024 1323 4078 Sctr'c’tz.
1362 4026 1500 4079 traditum

213 4093 378 4160 scripturam
397 4108 458 4145 cum
477 4092 651 4146 Rortsctenio
670 4094 792 4161 (eptem.
815 4093 898 4147 Tull?
916 4111 945 4161 p.
961 4097 1006 4161 26)
1026 4111 1060 4148 ex
1078 4094 1154 4148 Prot.
1171 4094 1226 4148 (lic.
1241 4099 1274 4147 32
1294 4095 1405 4161 defendi
1419 4113 1501 4165 possa

213 4180 269 4216 reon
287 4163 365 4216 credo
384 4166 393 4229 11
410 4163 472 4231 per]
492 4164 521 4216 et
538 4180 588 4231 per
607 4163 641 4217 H
660 4167 669 4230 l
693 4169 734 4218 la.
755 4179 771 4216 o
790 4163 927 4216 afflictum
953 4167 997 4232 (cr
1016 4163 1160 4218 omlictum
1180 4165 1237 4232 M1)
1257 4165 1334 4231 MD,
1360 4164 1501 4221 efflictum

132 4252 138 4262 ··
216 4233 279 4287 ΜΗ
289 4234 298 4300 11
312 4230 382 4324 quid
400 4234 486 4304 nunc]
505 4233 573 4302 qnid
592 4234 696 4323 enim?¹
708 4235 867 4304 ll'cseuberp
881 4238 890 4304 11
905 4241 946 4288 12.
968 4240 1008 4318 13.
1029 4252 1144 4305 aegram
1163 4239 1191 4289 et
1205 4236 1277 4305 MD,
1296 4253 1394 4306 egram
1415 4239 1446 4292 et
1461 4237 1500 4308 H,

214 4306 418 4445 rrius
434 4320 502 4444 ss
515 4306 592 4440 ,a
607 4322 647 4432 a.
666 4305 834 4430 itales
851 4307 1501 4447 arriana-ascesso

215 4462 294 4499 meae
315 4447 346 4501 F
365 4449 375 4516 11
400 4452 441 4501 18.
462 4447 536 4519 dest]
556 4451 600 4502 est
617 4449 664 4513 M,
685 4447 764 4501 deest
784 4449 874 4502 FHD
887 4452 896 4516 11
909 4465 952 4502 res
973 4465 1003 4502 se
1022 4448 1141 4502 habebit
1157 4449 1188 4502 D
1209 4451 1218 4516 11
1242 4454 1284 4504 19.
1303 4448 1500 4525 matimonio]

217 4516 386 4586 patrimonio
407 4519 483 4573 Koch
503 4520 520 4573 l.
535 4536 567 4585 a,
585 4522 693 4573 lecturio
707 4522 716 4588 11
730 4519 798 4587 quid
818 4520 907 4573 cicero
926 4519 997 4587 MD,
1017 4519 1107 4573 cicero
1129 4520 1267 4591 ΓΗ1120.
1288 4525 1329 4573 21.
1350 4537 1408 4575 non
1427 4539 1501 4592 queo

214 4587 296 4656 plura
314 4589 386 4658 MD,
404 4589 487 4659 plura
506 4607 562 4643 non
581 4607 652 4659 queo
675 4591 737 4644 ΜΗ
757 4593 766 4659 11
789 4597 830 4646 21.
850 4590 908 4644 iam
929 4590 1027 4658 FHD,
1046 4591 1104 4644 lam
1123 4591 1160 4644 M
1178 4595 1188 4659 l
1210 4596 1252 4645 23.
1272 4591 1410 4664 liberata]
1429 4592 1501 4649 libe·

215 4659 305 4712 nanda
323 4661 387 4714 olim
409 4661 503 4727 Orelli,
518 4680 662 4730 perperam
676 4664 685 4725 11
700 4669 742 4714 al.
762 4664 805 4715 est
823 4663 895 4730 MD,
914 4679 964 4716 om.
987 4662 1048 4715 ΜΗ
1059 4664 1069 4730 11
1082 4667 1124 4716 35.
1145 4661 1263 4731 quisquo
1276 4661 1350 4729 MD,
1369 4663 1500 4734 quisquis

218 4729 280 4782 ΜΗ
291 4733 300 4797 11
314 4731 429 4784 meritus
448 4733 489 4799 M,
509 4733 627 4785 maritus
649 4733 739 4787 FMD
752 4738 760 4800 11
775 4739 817 4786 26.
837 4749 939 4802 magno
959 4749 1041 4801 opere
1061 4736 1100 4802 ς1
1120 4739 1162 4788 27.
1183 4732 1290 4787 abisset
1307 4736 1418 4791 amicus
1440 4738 1501 4808 qui·

217 4799 280 4852 dum
299 4801 440 4869 Lambini,
458 4803 571 4857 abesset
592 4805 729 4873 ΨΜ1128.
749 4803 932 4875 pertinerent]
951 4803 1105 4873 pertineret
1122 4805 1147 4859 1.
1164 4805 1200 4860 F.
1217 4805 1375 4861 Gronovius
