3314 5460
617 370 875 427 EPISTVLARVM
894 373 926 428 X.
947 379 971 429 6.
992 380 1015 429 7.
1035 381 1059 430 8.

722 648 813 716 uu.
849 648 954 738 (ero.)

166 806 402 874 PLANCVS
425 808 513 874 IMP.
535 808 623 875 008.
647 809 791 875 DESIG.
810 808 842 875 S.
861 808 900 875 D.
919 808 1008 876 008.
1027 810 1094 875 PR.
1113 811 1179 877 ΤΒ.
1198 812 1261 877 PL.
1282 813 1476 882 SENATVI

499 924 672 991 POPVLO
698 925 919 1003 PLEBIQVE
944 925 1174 993 ROMANAE.

285 1065 321 1132 Si
341 1069 393 1134 eui
413 1069 498 1134 forte
517 1069 628 1135 videor
646 1067 769 1134 diutius
792 1075 827 1134 et
849 1070 1019 1135 hominum
1038 1072 1313 1154 exspectationem
1333 1077 1366 1137 et
1384 1095 1474 1157 spem
1497 1093 1508 1138 1

124 1205 134 1243 a
162 1174 236 1238 rei
262 1198 297 1258 p.
320 1175 360 1240 de
384 1198 456 1241 mea
474 1176 644 1242 voluntate
663 1175 807 1241 tenuisse
827 1198 1027 1261 suspensam,
1050 1177 1125 1243 huic
1148 1178 1239 1261 prius
1258 1182 1475 1245 excusandum

161 1303 239 1346 me
273 1303 347 1346 esse
375 1282 517 1348 arbitror
545 1305 644 1368 quam
674 1283 712 1348 de
741 1283 926 1367 insequenti
954 1282 1062 1349 officio
1092 1284 1266 1368 quicquam
1294 1285 1353 1349 ulli
1380 1287 1474 1371 polli-

162 1390 347 1474 cendum3
375 1390 551 1455 nonenim
578 1390 791 1473 praeteritam
819 1391 948 1474 culpam
976 1390 1078 1455 videri
1103 1391 1176 1457 volo
1201 1392 1389 1478 redemisse,
1418 1394 1474 1458 sed

161 1496 339 1579 optimae
363 1495 483 1561 mentis
502 1496 649 1581 cogitata
667 1497 858 1581 iampridem
878 1501 1006 1562 maturo
1027 1501 1172 1582 tempore
1191 1500 1369 1564 enuntiare.
1409 1518 1509 1566 nona

163 1625 238 1667 me
271 1601 475 1687 praeteribat
502 1603 536 1668 in
564 1607 658 1668 tanta
686 1603 904 1669 sollicitudine
928 1604 1098 1668 bominum
1125 1609 1158 1669 et
1187 1611 1256 1671 tam
1283 1609 1474 1692 perturbato

124 1744 139 1780 2
163 1715 283 1774 statu
308 1710 453 1775 civitatis
477 1709 771 1775 fructuosissimam
796 1732 866 1775 csse
889 1710 1126 1794 professionem
1154 1714 1257 1778 bonae
1286 1714 1475 1800 voluntatis,

164 1838 394 1902 magnosque
422 1817 562 1882 honores
591 1840 630 1881 ex
658 1839 696 1882 ea
723 1839 757 1881 re
786 1817 969 1901 complures
998 1823 1189 1883 consecutos
1218 1821 1381 1904 videbam3
1402 1821 1474 1905 sed,

166 1947 263 1988 cum
292 1923 330 1988 in
358 1946 432 1989 cum
460 1945 571 1990 casum
595 1946 645 1988 me
668 1923 801 1988 fortuna
829 1923 1027 2009 demisisset,
1055 1928 1092 1989 ut
1119 1931 1177 1990 aut
1205 1926 1353 1991 celeriter
1380 1927 1473 2010 polli-

168 2032 292 2096 cendo
327 2052 446 2116 magna
479 2031 548 2116 ipse
576 2031 617 2096 ad
649 2031 884 2115 proficiendum
916 2030 1148 2116 impedimenta
1177 2054 1374 2116 opponerem
1408 2038 1473 2117 aut,

168 2138 212 2201 si
244 2137 281 2201 in
310 2159 350 2202 eo
378 2137 459 2202 mihi
487 2138 768 2223 temperatissem,
799 2137 939 2202 maiores
963 2138 1148 2203 occasiones
1177 2139 1217 2203 ad
1246 2140 1472 2223 opitulandum

124 2275 152 2314 is
171 2245 361 2329 haberem,
390 2245 570 2329 expeditius
598 2246 662 2310 iter
691 2245 872 2310 communis
896 2244 1011 2309 salutis
1037 2268 1134 2328 quam
1159 2268 1249 2311 meae
1272 2247 1378 2310 laudis
1402 2269 1472 2311 esse

172 2352 289 2416 volui.
331 2375 408 2417 nam
428 2353 501 2437 quis
524 2353 559 2417 in
582 2374 620 2417 ea
642 2352 784 2436 fortuna,
808 2373 890 2435 quae
914 2373 986 2415 mea
1010 2355 1068 2432 est,
1092 2356 1125 2417 et
1149 2352 1189 2416 ab
1214 2374 1252 2416 ea
1275 2353 1351 2436 vita,
1374 2375 1472 2437 quam

174 2459 222 2523 in
244 2482 299 2524 mc
324 2461 491 2545 cognitam
510 2459 697 2524 hominibus
721 2458 872 2542 arbitror,
896 2463 929 2523 et
953 2481 1027 2523 cum
1049 2481 1088 2522 ea
1111 2481 1178 2543 spe,
1203 2482 1301 2543 quam
1320 2459 1354 2523 in
1372 2461 1473 2524 mani·

175 2566 249 2630 bus
278 2565 400 2651 habeo,
432 2570 488 2631 aut
520 2566 687 2631 sordidum
720 2564 894 2648 quicquam
922 2564 992 2649 pati
1022 2570 1079 2630 aut
1106 2566 1325 2649 perniciosum
1358 2588 1473 2631 concu-

177 2672 313 2756 piscere
342 2673 473 2757 potest?
521 2673 576 2738 sed
607 2672 812 2756 aliquantum
839 2671 934 2736 nobis
963 2672 1120 2755 temporis
1145 2677 1179 2736 et
1202 2673 1314 2758 magni
1342 2672 1506 2737 laboresa

132 2806 164 2843 ao
179 2786 223 2842 et
246 2779 368 2844 multae
392 2779 557 2863 impensae
576 2800 657 2864 opus
677 2778 817 2861 fuerunt,
841 2781 886 2860 ut,
910 2799 991 2861 quae
1015 2779 1061 2842 rei
1085 2802 1114 2862 p.
1138 2779 1297 2863 bonisque
1318 2779 1470 2845 omnibus

182 2885 432 2970 polliceremur,
464 2886 552 2950 exitu
585 2889 825 2969 praestaremus
853 2905 956 2968 neque
985 2886 1024 2949 ad
1053 2884 1210 2949 auxilium
1238 2885 1363 2969 patriae
1391 2886 1470 2950 nudi

184 3012 266 3054 cum
288 2991 374 3056 bona
396 2993 575 3075 voluntate,
599 2992 653 3056 sed
677 3014 751 3057 oum
770 2990 983 3055 facultatibus
1004 2992 1237 3056 accederemus.
1280 2992 1471 3057 confirman-

185 3096 252 3161 dus
274 3102 345 3162 erat
367 3099 527 3163 exercitus
550 3099 663 3183 nobis,
685 3098 813 3183 magnis
838 3119 933 3181 saepe
957 3098 1111 3182 praemiis
1135 3098 1346 3184 sollicitatus,
1369 3104 1406 3163 ut
1429 3099 1470 3163 ab

189 3222 228 3265 re
250 3227 278 3288 p.
299 3206 412 3289 potius
431 3206 598 3270 moderata
620 3227 718 3291 quam
743 3204 783 3268 ab
807 3227 872 3269 uno
897 3205 1025 3268 infinita
1046 3210 1207 3290 speraret3
1231 3205 1471 3271 confirmandae

159 3313 375 3396 scomplnres
399 3312 562 3397 civitates,
592 3335 673 3396 quae
697 3311 863 3396 superiore
887 3332 971 3375 anno
996 3311 1228 3397 largitionibus
1257 3312 1472 3377 concessioni·

201 3412 316 3502 busque
347 3420 567 3504 praemiorum
599 3422 692 3484 erant
725 3418 902 3503 obligatae,
935 3421 973 3481 ut
1000 3422 1033 3481 et
1060 3417 1118 3481 illa
1146 3441 1229 3482 vana
1256 3423 1410 3502 putarent
1438 3425 1471 3483 et

208 3524 304 3590 eadem
336 3549 356 3590 a
388 3526 578 3591 melioribus
616 3523 803 3589 auctoribus
840 3524 980 3607 petenda
1016 3523 1259 3608 existimarent3
1296 3524 1471 3589 eliciendae

215 3629 293 3698 etiam
314 3632 502 3699 voluntates
526 3633 734 3717 reliquorum,
758 3631 813 3715 qui
836 3630 985 3694 finitimis
1009 3631 1186 3714 provinciis
1211 3632 1470 3716 exercitibusque

216 3739 417 3826 praefuenmt,
443 3744 481 3804 ut
508 3741 617 3824 potius
646 3761 719 3804 cum
747 3737 894 3822 pluribus
924 3738 1113 3822 societatem
1136 3738 1352 3803 defendendae
1376 3739 1471 3803 libcr-

193 3843 275 3909 atatis
309 3847 481 3931 iniremus,
518 3869 615 3931 quam
653 3869 726 3911 curn
763 3843 971 3929 paucioribus
1008 3844 1172 3910 funestam
1205 3846 1276 3910 orbi
1309 3849 1470 3909 terrarum

215 3949 362 4019 notoriam
381 3954 585 4038 partiremur.
618 3952 782 4017 muniendi
801 3974 877 4016 vero
896 3955 1025 4015 nosmet
1043 3951 1107 4036 ipsi
1125 3952 1246 4017 fuimus
1266 3958 1362 4017 aucto
1382 3974 1468 4016 exer·
1488 3969 1504 4015 4

213 4056 264 4122 citu
285 4060 476 4145 auxiliisque
504 4052 746 4144 multiplicatis,
775 4062 824 4142 ut,
852 4080 925 4122 oum
949 4058 1186 4141 praeferremus
1211 4082 1324 4123 sensus
1347 4062 1469 4144 aperte,

282 4259 305 4308 3.
330 4253 436 4324 populo
463 4252 596 4322 plebique
620 4252 776 4323 Romanae]
806 4253 840 4316 cf.
864 4250 1016 4304 Mommsen
1043 4251 1076 4305 ‘a
1101 4251 1228 4306 attactu?
1249 4252 1296 4320 Ill,
1315 4259 1329 4304 1
1347 4271 1376 4321 p.
1391 4256 1416 4320 6,
1431 4256 1448 4304 4
1461 4251 1470 4321 ]]

201 4331 223 4381 8.
242 4325 371 4397 optimae]
392 4325 497 4395 optime
517 4325 590 4392 ΜΗ,
610 4322 718 4392 optima
735 4323 766 4376 D
778 4324 787 4390 ΙΙ
805 4328 844 4376 12.
865 4320 1020 4376 dimisisset
1038 4323 1147 4391 Η1113.
1167 4322 1227 4391 ipse
1245 4325 1389 4394 scripsi-
1406 4325 1470 4377 item

197 4398 344 4467 bandora(
369 4398 491 4451 ‘Uetera
514 4413 535 4450 a.
562 4395 672 4450 Ooeser’
699 4400 889 4463 p.46,1—,
917 4392 947 4446 in
975 4409 1024 4462 spe
1056 4396 1090 4447 Ψ.
1133 4393 1202 4446 mihi
1231 4393 1291 4463 ipse
1319 4395 1463 4448 Rutilius*

196 4469 232 4524 ad
248 4467 461 4538 proficiendum]
483 4467 520 4521 ad
538 4465 738 4536 perficiendum
754 4497 785 4504 -
801 4466 840 4519 sic
859 4481 874 4521 ς
895 4481 997 4533 qaoque
1012 4496 1043 4503 —
1062 4466 1088 4518 G.
1103 4465 1294 4519 Etiamnunc
1313 4466 1428 4534 (Plu'lol
1444 4466 1470 4518 X

188 4562 217 4613 p.
234 4545 304 4607 239),
322 4541 461 4594 inutiliter
473 4541 483 4608 1]
498 4544 538 4592 15.
559 4535 659 4592 salutis
682 4537 747 4604 HD,
767 4535 837 4589 satis
856 4536 893 4588 Μ
903 4537 912 4604 l]
928 4541 969 4590 19,
989 4535 1113 4605 labores]
1133 4535 1238 4589 laboris
1262 4538 1310 4603 ²1¹]
1325 4541 1367 4590 20.
1386 4536 1469 4589 bonis

190 4628 244 4684 que
262 4630 297 4666 aa·
313 4610 396 4664 bouis
420 4626 493 4679 quae
516 4611 637 4664 rodmdo
657 4609 693 4662 Μ
713 4611 723 4676 ΙΙ
745 4614 787 4662 22.
807 4605 944 4660 facultate
963 4607 992 4659 D
1014 4610 1024 4674 ΙΙ
1047 4611 1089 4661 27.
1110 4606 1276 4678 eliciendae]
1301 4606 1469 4661 alliciendas

187 4686 241 4741 alia·
266 4686 277 4751 11
305 4687 348 4736 28.
372 4680 541 4736 exercitibus
565 4680 626 4734 HD
652 4681 662 4747 ]
689 4685 731 4734 29.
758 4678 951 4748 praefuerunt]
980 4681 1116 4747 praesunt
1139 4679 1311 4749 Wesenbcm,
1339 4680 1448 4734 iniuria
1461 4683 1470 4749 ‚s

184 4762 229 4812 30.
253 4753 360 4808 inirent
386 4759 413 4808 et
440 4757 482 4808 81.
505 4751 677 4822 partirentur
701 4752 788 4805 voluit
808 4749 847 4805 H.
862 4750 987 4806 socom
1011 4750 1145 4818 (‘misoell.
1167 4751 1276 4820 philol!
1302 4751 1365 4804 dise.
1391 4751 1470 4819 rapa.

184 4832 254 4884 rats
271 4844 303 4896 p.
318 4828 374 4894 ³1),
393 4841 450 4880 nou
467 4831 536 4880 recte
549 4826 559 4892 ΙΙ
573 4828 614 4877 31.
633 4821 789 4891 potiremur
806 4822 843 4875 M
