3286 5460
507 363 765 420 EPISTVLARVM
784 367 816 420 11.
837 373 861 421 e.
881 373 905 421 a.
927 372 967 421 ιο.
1194 422 1200 435 ,
1334 367 1376 433 37

163 549 228 593 non
251 529 375 614 edepol,
399 533 555 614 quantam
577 550 646 593 rem
670 529 776 614 egeris
793 551 898 614 neque
918 535 1076 614 quantum
1099 530 1226 596 facinus
1250 531 1377 616 feceris3

94 654 183 736 quod
202 653 279 738 quia
298 656 428 737 praeter
447 653 633 738 opinionem
657 652 738 718 mihi
761 653 931 739 acciderat,
955 654 1134 719 referebam
1154 677 1204 720 me
1225 656 1265 720 ad
1284 657 1377 721 illud:

162 777 352 842 incredibile
375 777 438 843 boc
460 776 551 843 factu
575 777 729 861 obicitur3

94 904 228 985 repente
251 923 329 966 vero
352 901 494 966 ‘incessi’
517 902 681 967 ‘omnibus
705 900 841 966 laetitiis
864 902 997 987 laetus'3
1026 903 1060 967 in
1083 926 1147 989 quo
1171 926 1244 969 cum
1268 905 1377 970 obiur-

59 1029 204 1094 sgarer,
227 1008 314 1092 quod
336 1008 438 1074 nimio
462 1008 581 1095 gaudio
604 1030 705 1093 paene
729 1008 923 1095 desiperem,
945 1009 994 1073 ita
1017 1032 1067 1073 me
1091 1009 1315 1075 defendebam:

161 1153 224 1218 ego
247 1133 450 1217 voluptatem
474 1133 574 1197 animi
597 1132 732 1198 nimiam
757 1158 812 1218 -3

94 1257 173 1341 quid
201 1256 353 1341 quaeris?
385 1259 461 1323 dum
490 1258 584 1322 illum
612 1257 716 1342 ride0,
749 1281 849 1343 paene
874 1281 946 1323 aum
975 1260 1081 1324 factus
1106 1259 1169 1324 ille.
1213 1260 1270 1325 sed
1296 1259 1410 1327 haece

92 1365 244 1449 pluribus
264 1365 432 1449 multaque
451 1364 517 1429 alia
540 1369 573 1429 et
596 1365 634 1429 de
657 1369 689 1429 te
714 1369 747 1429 et
770 1366 810 1429 ad
834 1369 876 1450 te,
900 1388 998 1450 quom
1017 1366 1158 1450 primum
1178 1386 1234 1429 ero
1253 1366 1377 1450 aliquid

93 1475 211 1536 nactus
240 1471 309 1535 otii.
350 1475 383 1535 te
411 1492 501 1556 vero,
534 1471 579 1535 mi
606 1470 704 1554 Rufe,
736 1471 851 1556 diligo,
884 1494 979 1555 quem
1012 1468 1094 1536 mibi
1125 1471 1257 1536 fortuna
1289 1472 1377 1536 dedit

49 1601 79 1639 ro
95 1577 367 1662 amplificatorem
386 1578 558 1663 dignitatis
583 1599 685 1663 meae,
709 1578 849 1643 ultorem
872 1601 939 1643 non
959 1579 1055 1644 modo
1079 1578 1299 1664 inimicorum,
1322 1580 1378 1643 sed

94 1685 197 1750 etiam
220 1685 403 1750 invidorum
427 1707 589 1769 meorum,
617 1689 654 1748 ut
677 1706 733 1748 eos
755 1685 876 1768 partim
900 1685 1058 1750 scelerum
1082 1707 1229 1771 suorum,
1256 1685 1377 1769 partim

94 1792 196 1856 etiam
220 1792 416 1875 ineptiarum
440 1791 629 1875 paeniteret.

657 1968 696 2034 X.
746 1969 796 2035 99.

186 2085 227 2150 M.
258 2082 417 2150 CICERO
447 2083 535 2149 IMP.
565 2084 597 2149 S.
622 2084 660 2149 D.
685 1966 913 2149 dictinum
942 2084 1097 2150 AEDILI
1124 2083 1291 2151 CVRVLI

60 2221 84 2260 n
504 2206 510 2219 '
609 2190 872 2256 DESIGNATO.

186 2308 235 2372 Tu
262 2308 348 2386 vide,
377 2330 474 2393 quam
502 2307 541 2371 ad
570 2329 621 2393 me
650 2307 780 2372 litterae
807 2329 873 2372 non
903 2308 1108 2392 perferantur
1130 2346 1168 2355 —
1197 2332 1263 2374 non
1291 2311 1412 2375 enimr

97 2437 232 2500 possum
260 2413 389 2499 adduci,
420 2419 458 2478 ut
485 2415 544 2479 abs
573 2419 618 2498 te,
646 2418 762 2498 postea
790 2437 887 2498 quam
915 2415 1028 2480 aedilis
1057 2438 1091 2480 es
1119 2415 1239 2495 faetus,
1270 2417 1377 2481 nullas

96 2527 210 2606 putem
234 2522 342 2607 datas,
368 2521 562 2605 praesertim
591 2543 664 2586 eum
688 2525 774 2586 esset
801 2525 896 2587 tanta
918 2545 969 2587 res
993 2526 1103 2588 tantae
1132 2521 1377 2608 gratulationis:

98 2629 134 2693 de
158 2632 201 2706 te,
225 2627 311 2712 quia,
335 2629 422 2712 quod
444 2628 625 2711 sperabam,
648 2628 687 2693 de
706 2627 798 2692 Hillo
820 2665 857 2674 —
878 2627 996 2693 balbus
1015 2629 1102 2693 enim
1126 2651 1198 2694 sum
1216 2667 1269 2715 —,
1292 2630 1378 2715 quod

62 2751 163 2801 ²⁰non
185 2739 338 2819 putaram
363 2760 420 2819 -3
450 2735 542 2818 atqui
566 2735 612 2800 sie
640 2734 760 2799 habeto
787 2735 912 2799 nullam
936 2759 987 2801 me
1011 2736 1185 2821 epistolam
1215 2737 1377 2820 accepisse

96 2845 188 2907 tuam
210 2845 289 2925 post
311 2840 447 2906 comitia
470 2841 536 2906 ista
558 2842 737 2925 praeclara,
768 2864 850 2924 qnae
879 2864 930 2906 me
958 2843 1086 2908 laetitia
1113 2843 1311 2926 extulerunt,
1339 2865 1377 2908 ex

92 2970 161 3033 quo
190 2969 317 3032 vereor,
344 2969 385 3011 ne
413 2947 499 3013 idem
526 2949 655 3013 eveniat
668 2949 711 3012 in
735 2970 823 3013 meas
850 2949 992 3014 litteras:
1023 2948 1173 3033 equidem
1199 2971 1378 3034 numquam

89 3057 230 3120 domum
253 3054 328 3119 misi
352 3077 450 3119 unam
473 3054 656 3140 epistolam,
680 3056 758 3140 quin
781 3060 868 3119 esset
891 3055 931 3119 ad
954 3060 987 3120 te
1010 3056 1123 3138 altera,
1145 3078 1204 3121 nec
1227 3056 1308 3120 mihi
1328 3061 1378 3121 est

85 3165 125 3227 te
151 3162 323 3226 iucundius
349 3160 522 3246 quiequam
546 3184 605 3227 nee
630 3161 744 3227 carius.
782 3162 838 3226 sed
862 3199 904 3208 -
928 3161 1017 3226 balbi
1041 3182 1106 3225 non
1136 3184 1313 3227 sumus-
1338 3162 1377 3226 ad

13 3272 61 3315 ²¹⁵
84 3290 166 3335 rem
190 3268 369 3333 redeamus.
405 3273 444 3332 ut
467 3269 603 3353 optasti,
631 3269 679 3332 ita
702 3273 765 3353 est3
796 3269 895 3334 velles
918 3269 1018 3352 enim,
1042 3268 1104 3351 ais,
1127 3271 1257 3334 tantum
1281 3268 1413 3334 modoa

74 3381 129 3441 ut
153 3375 310 3441 haberem
333 3375 475 3461 negotii,
503 3375 589 3459 quod
613 3380 699 3440 esset
723 3376 763 3439 ad
786 3376 966 3439 laureolam
990 3375 1083 3458 satis,
1107 3374 1247 3440 Parthos
1272 3376 1378 3460 times,

76 3483 174 3569 quia
201 3481 322 3546 diffidis
354 3482 458 3566 copiis
484 3481 614 3547 nostris.
657 3502 736 3566 ergo
764 3481 812 3544 ita
842 3482 972 3547 accidit:
1004 3505 1080 3546 nam
1107 3481 1261 3547 Pathico
1290 3481 1377 3547 bello

70 3589 249 3655 nuntiato
268 3588 415 3653 locorum
435 3588 630 3673 quibusdam
656 3588 817 3673 angustiis
842 3593 875 3652 et
897 3594 1016 3653 natura
1034 3589 1195 3652 montium
1214 3587 1317 3652 fretus
1337 3589 1377 3652 ad

188 3752 212 3800 1.
232 3763 291 3800 rem
309 3745 401 3815 egeris
420 3766 450 3811 ω,
470 3762 485 3799 e
506 3745 560 3800 eris
579 3761 637 3799 rem
651 3747 677 3798 Ω
691 3747 700 3813 ΙΙ
714 3752 738 3799 2.
754 3747 877 3815 praeter}
891 3747 1006 3814 propter
1020 3746 1054 3807 G.
1073 3762 1151 3814 emp
1164 3748 1173 3813 ΙΙ
1187 3744 1305 3798 referam
1319 3748 1370 3815 μ’

72 3822 116 3873 3.
146 3816 314 3871 incredibile
338 3819 376 3883 Ω,
405 3816 480 3870 incre
504 3816 599 3870 'bilem
624 3835 687 3887 mp,
712 3815 878 3870 incredibile
906 3817 975 3869 mihi
1003 3835 1018 3871 r
1050 3820 1060 3885 ΙΙ
1090 3815 1169 3869 factu
1198 3816 1273 3881 Mm,
1300 3816 1377 3870 facto

74 3891 151 3945 GR
166 3907 206 3960 pr
224 3891 265 3956 (in
284 3907 299 3943 r
316 3888 392 3941 facto
411 3905 444 3943 ea
463 3888 549 3941 facito
565 3906 598 3941 m.
615 3891 649 3956 1).
674 3888 780 3940 factum
795 3888 915 3942 Ribbeck
931 3906 959 3956 p.
977 3893 1026 3940 119
1041 3905 1102 3942 cum
1116 3904 1132 3945 ς
1146 3889 1156 3955 ΙΙ
1170 3893 1194 3940 4.
1210 3886 1312 3940 incessi
1326 3889 1378 3940 elii

73 3962 124 4015 in
153 3977 261 4015 versum
289 3960 443 4014 includunt.
472 3962 506 4026 ct'.
535 3960 654 4013 Ribbeck
679 3977 706 4027 p.
726 3964 759 4011 lb
790 3961 800 4027 ΙΙ
831 3958 949 4012 laetitiis
977 3959 1069 4012 laetus
1098 3958 1377 4029 Mummii-Laqueo,

75 4025 217 4085 laetitiis
236 4032 275 4098 Ω,
299 4030 389 4084 laetus
408 4050 430 4083 ω
462 4033 471 4097 ΙΙ
504 4047 564 4082 cum
590 4030 642 4082 hoc
665 4029 778 4099 iugarer
795 4047 833 4099 pr
855 4032 864 4098 ΙΙ
888 4036 912 4084 ὁ.
936 4029 1054 4082 nimium
1077 4029 1187 4099 gaudeo
1212 4048 1237 4097 p.
1268 4028 1376 4082 deside-

78 4116 155 4157 rem
166 4123 188 4155 ω
203 4104 212 4168 ΙΙ
227 4107 249 4154 6.
261 4102 296 4168 cs.
307 4102 426 4156 Ribbeck
440 4120 470 4170 p.
487 4106 520 4153 32
534 4104 543 4168 ΙΙ
558 4099 733 4170 uoluptatem
744 4103 778 4165 a,
798 4100 973 4154 uoluntatem
987 4103 1039 4168 (tc
1052 4104 1080 4171 9)
1096 4121 1116 4153 ω
1130 4103 1140 4168 ΙΙ
1155 4099 1254 4170 animi]
1270 4099 1377 4153 homini

82 4171 437 4242 &mltsedhocqllu
453 4175 482 4225 ct
500 4171 537 4224 ad
555 4172 719 4242 thGmp,
739 4172 775 4224 ad
794 4173 872 4230 teR.
892 4173 1205 4241 omrllqnom'lquam
1216 4174 1379 4236 &cummi

82 4244 208 4313 aliquid
226 4246 326 4297 nactus
346 4246 385 4309 Ω,
404 4261 430 4298 n.
451 4260 475 4297 a.
496 4263 516 4295 ω
531 4246 540 4310 ΙΙ
555 4249 578 4296 9.
598 4242 650 4295 otii
668 4246 695 4296 Ω
714 4242 778 4312 (ocii
799 4244 843 4311 G),
862 4243 922 4297 doti
942 4262 980 4308 m,
1000 4242 1076 4295 docti
1095 4261 1131 4312 pr
1145 4245 1154 4309 ll
1168 4241 1206 4295 mi
1225 4241 1285 4294 rufe
1305 4243 1377 4308 lllni,

86 4314 214 4369 mirifice
225 4315 281 4370 GR
285 4333 323 4384 pr
335 4318 345 4383 ll
360 4313 448 4384 diligo
463 4333 496 4368 ea
510 4313 564 4368 del.
580 4315 631 4367 111ῦ
645 4316 653 4381 ll
669 4319 709 4367 12.
729 4314 899 4394 paeniteret}
919 4313 1072 4382 pertineret
1082 4314 1118 4366 M
1128 4316 1137 4382 lt
1153 4319 1193 4366 14.
1209 4313 1245 4366 Μ.
1258 4312 1378 4366 -Caelio

89 4403 146 4441 orn.
169 4386 225 4441 GR
243 4389 253 4453 ll
270 4403 306 4440 m.
326 4385 397 4439 celio
420 4387 541 4440 radendo
560 4402 593 4439 ex
611 4384 755 4438 mercelho
775 4386 811 4438 M
827 4389 836 4454 ll
856 4391 896 4440 16.
916 4403 1002 4454 quam
1025 4384 1122 4437 timide
1146 4385 1210 4437 eald.
1231 4391 1294 4452 post
1313 4383 1378 4436 uide

90 4472 183 4524 qnam
200 4474 262 4527 sup.
281 4474 318 4512 oe.
338 4457 388 4509 Μο
401 4459 410 4525 ΙΙ
424 4456 598 4525 perferentur
619 4457 752 4524 6111117.
773 4472 802 4509 es
821 4456 913 4510 faetus
930 4457 993 4524 GR,
1013 4455 1129 4509 effaetus
1148 4455 1189 4509 vel
1208 4454 1330 4507 esfactns
1345 4454 1382 4508 M

96 4528 226 4591 (effectus
252 4544 281 4581 ee
301 4529 359 4591 llis)
383 4531 392 4594 ΙΙ
415 4527 508 4580 nullas
531 4545 565 4581 ex
587 4526 680 4579 nullus
699 4528 749 4580 Me
772 4530 781 4595 ll
805 4533 845 4582 18.
870 4527 1075 4596 gratulationes
1095 4528 1128 4578 M
1150 4529 1159 4593 ll
1183 4531 1223 4579 19.
1249 4525 1283 4578 de
1302 4524 1378 4579 Hillo

98 4599 260 4665 dianerius,
286 4599 321 4651 de
344 4598 433 4652 nihilo
453 4601 479 4651 Ω
500 4601 510 4666 ΙΙ
534 4598 643 4670 (quia)
663 4597 738 4665 quod
758 4599 918 4668 ltsiaeaterp
940 4601 949 4666 ΙΙ
973 4600 1164 4665 ‘reputarem
1184 4597 1229 4664 M,
1253 4613 1323 4650 -rem
1344 4599 1378 4664 G,

100 4687 203 4723 -remus
223 4671 250 4725 u
265 4673 273 4737 ΙΙ
287 4670 380 4741 atqui]
400 4672 485 4738 atque
505 4671 610 4737 Ω1122.
631 4685 783 4736 numquam
798 4670 868 4735 MR,
887 4668 993 4721 nullam
1010 4669 1114 4735 (11113.
1134 4685 1219 4720 unam
1238 4686 1271 4722 ee
1294 4685 1379 4721 unum

102 4741 152 4800 Mt
172 4748 204 4796 ut
222 4742 278 4796 oid.
299 4746 308 4810 l}
329 4747 371 4796 24.
391 4740 478 4794 simus
499 4741 524 4795 G
547 4743 556 4809 ll
580 4745 622 4794 25.
642 4739 684 4792 ais
703 4757 753 4795 ciii.
774 4743 799 4795 G
823 4743 831 4808 ΙΙ
855 4745 896 4794 28.
915 4743 1019 4793 natura
1037 4740 1094 4806 ΜΓ,
1114 4756 1183 4792 nara
1202 4742 1235 4795 Ω.
1264 4746 1379 4795 ceterum

103 4828 123 4866 o.
141 4812 215 4868 Boot
234 4813 298 4867 ‘oba
317 4813 389 4868 crit!
406 4817 467 4882 pt
