3286 5460
249 391 314 457 170
699 391 737 446 Μ.
757 390 864 446 TVLLI
882 389 1072 445 clausurus

245 557 365 639 hieme,
395 556 448 621 fac
470 556 566 640 plane
591 555 700 621 sciam
746 554 869 620 Balbus
894 553 975 618 mihi
999 554 1204 620 confirmavit
1226 557 1259 620 te
1281 553 1419 620 divitem
1443 553 1525 620 lutu-

246 684 333 726 rum:
370 662 403 727 id
435 666 546 726 utrum
580 661 727 728 Romano
760 683 849 726 more
881 659 1011 726 locutus
1044 661 1104 748 sit,
1139 662 1222 727 bene
1253 666 1463 727 nummatum
1493 666 1523 726 te

248 769 408 854 futurum,
431 791 486 854 an,
509 768 671 854 quomodo
696 766 798 833 Stoici
821 768 947 853 dicunt,
970 790 1082 834 omnes
1106 790 1177 834 esse
1200 768 1332 854 divites,
1356 769 1414 853 qui
1437 768 1523 834 caelo

247 880 280 941 et
303 880 391 939 terra
413 875 478 940 frui
501 875 638 960 possint,
660 879 776 960 postea
801 875 924 940 videbo.
970 875 1026 960 qui
1048 875 1147 942 istinc
1170 876 1315 962 veniunt,
1339 876 1525 961 superbiam

247 987 338 1047 tuam
371 986 541 1067 accusant,
577 982 664 1066 quod
696 986 818 1068 negent
849 987 882 1047 te
914 983 1184 1067 percontantibus
1220 982 1434 1068 respondere;
1471 983 1558 1047 aeds

246 1094 355 1155 tamen
383 1094 447 1174 est,
482 1091 568 1174 quod
596 1089 752 1176 gaudeas3
781 1093 912 1154 constat
940 1089 1027 1154 enim
1055 1089 1142 1156 inter
1168 1089 1274 1156 omnis
1302 1090 1467 1156 neminem
1492 1092 1522 1154 te

246 1220 311 1262 uno
336 1195 584 1262 Samarobrivae
607 1195 688 1261 iuris
710 1196 901 1281 peritiorem
924 1218 1003 1264 esse.

774 1445 880 1513 nur.
915 1445 997 1535 (45.)

656 1605 816 1673 cronno
839 1564 1062 1673 suasano
1086 1606 1117 1673 e.

216 1784 228 1831 1
339 1768 390 1832 llx
417 1769 482 1833 tuis
511 1768 632 1833 litteris
660 1774 694 1834 et
723 1769 845 1846 Quinto
871 1768 967 1833 fratri
995 1770 1120 1855 gratias
1148 1769 1201 1855 egi
1228 1772 1263 1835 et
1290 1772 1323 1835 te
1352 1768 1524 1855 aliquando
1537 1781 1642 1823 tvl

250 1877 443 1942 conlaudare
466 1898 609 1960 possum,
632 1876 717 1959 quod
740 1875 806 1939 iarn
825 1875 943 1940 videris
967 1879 1056 1941 certa
1078 1875 1188 1961 aliqua
1209 1873 1245 1941 in
1267 1875 1433 1941 sententia
1455 1897 1525 1941 eon·

249 1982 388 2068 stitisse3
419 2005 496 2048 nam
522 1983 701 2066 primorum
730 2003 877 2046 mensum
907 1981 1028 2047 litteris
1056 1982 1124 2047 tuis
1152 1982 1359 2048 vehementer
1386 2004 1525 2048 commo

247 2091 359 2173 vebar,
390 2091 476 2174 quod
503 2089 584 2154 mihi
611 2090 775 2154 interdum
797 2126 842 2137 —
864 2111 944 2174 pace
966 2093 1025 2154 tua
1047 2088 1184 2154 dixerim
1206 2125 1252 2136 -
1273 2088 1355 2154 levis
1377 2088 1415 2154 in
1436 2087 1526 2153 urbis

247 2197 507 2281 urbanitatisque
526 2196 695 2279 desiderio,
718 2196 882 2261 interdurn
899 2194 1003 2281 piger,
1024 2195 1189 2260 interdum
1206 2192 1343 2260 timidus
1361 2194 1398 2260 in
1416 2194 1525 2261 labore

245 2304 391 2389 militari,
414 2326 510 2388 saepe
530 2307 639 2368 autem
663 2304 772 2388 etiarn,
796 2303 882 2388 quod
902 2307 972 2368 ate
992 2301 1270 2386 alienissimumst,
1293 2301 1525 2387 subimpudens
1539 2316 1628 2357 12²1

245 2411 409 2494 videbare,
439 2414 606 2495 tamquam
630 2410 716 2475 enim
740 2410 962 2496 syngrapham
986 2411 1026 2475 ad
1049 2410 1293 2494 imperatorem,
1315 2430 1383 2474 non
1407 2409 1526 2494 epistu-

245 2518 310 2581 lam
339 2516 520 2598 attulisses,
552 2515 598 2581 sic
626 2517 762 2600 pecunia
791 2516 901 2581 ablata
929 2516 1062 2581 domum
1090 2514 1196 2580 redire
1223 2515 1440 2600 properabas,
1468 2537 1526 2581 nec

245 2624 307 2688 tibi
331 2624 365 2687 in
388 2626 530 2687 mentem
558 2623 708 2688 veniebat
735 2646 790 2688 eos
818 2624 922 2710 ipsos,
950 2623 1006 2708 qui
1035 2645 1109 2689 cum
1137 2620 1332 2708 syngraphis
1360 2622 1526 2688 venissent

210 2729 496 2812 ahlexandream,
529 2752 699 2794 nummum
732 2729 835 2795 adhuc
864 2730 991 2795 nullum
1025 2729 1150 2795 auferre
1184 2729 1340 2813 potuisse.
1386 2750 1467 2816 ego,
1498 2729 1525 2794 si

245 2837 308 2900 mei
337 2837 497 2900 commodi
525 2836 686 2901 rationem
714 2838 877 2916 ducerem,
909 2841 942 2902 te
971 2860 1097 2903 mecum
1124 2859 1194 2902 esse
1228 2835 1368 2902 maxime
1397 2836 1525 2923 vellem;
1538 2848 1617 2892 Β

244 2943 419 3008 nonenim
443 2942 597 3008 mediocri
620 2943 795 3009 adficiebar
821 2943 872 3007 vel
901 2943 1070 3028 voluptate
1094 2966 1133 3009 ex
1157 2943 1390 3009 consuetudine
1413 2948 1526 3010 nemra

245 3050 294 3114 vel
324 3049 468 3113 utilitate
496 3071 535 3113 ex
563 3050 699 3116 consilio
731 3054 828 3135 atque
857 3072 956 3134 opera
983 3054 1055 3137 tua3
1090 3050 1160 3137 sed,
1189 3072 1264 3116 cum
1291 3054 1325 3115 te
1354 3071 1394 3116 ex
1421 3049 1526 3117 adule-

246 3157 370 3220 scentia
392 3160 450 3220 tua
472 3156 507 3220 in
530 3155 708 3222 amicitiam
732 3162 765 3222 et
788 3158 885 3222 fidem
904 3179 1011 3223 meam
1030 3156 1237 3242 contulisses,
1261 3178 1390 3242 semper
1408 3161 1442 3223 te
1459 3179 1526 3223 non

246 3264 343 3328 rnodo
367 3264 522 3327 tuendum
546 3264 641 3347 mihi,
664 3265 720 3329 sed
744 3262 843 3328 etiam
867 3265 1050 3350 augendum
1076 3269 1174 3349 atque
1198 3264 1380 3329 ornandum
1403 3262 1526 3349 putari.

246 3371 371 3456 itaque,
399 3371 505 3457 quoad
534 3371 685 3455 opinatus
710 3394 783 3437 sum
805 3394 857 3438 me
880 3371 915 3436 in
937 3371 1138 3457 provinciam
1167 3373 1345 3457 exiturum,
1374 3392 1459 3458 quae
1486 3370 1642 3437 adt*

246 3483 278 3543 te
306 3479 394 3543 ultro
423 3477 608 3563 detulerim,
641 3478 825 3545 meminisse
853 3483 886 3543 te
915 3480 1025 3565 credo;
1059 3484 1174 3564 postea
1203 3501 1301 3565 quam
1331 3500 1369 3544 ea
1399 3480 1527 3543 mutata

246 3586 379 3670 ratiost,
407 3608 480 3651 cum
507 3586 650 3650 viderem
678 3609 729 3650 me
758 3609 778 3650 a
805 3584 942 3652 (laesere
969 3586 1299 3652 honorificentissime
1328 3586 1466 3651 tractari
1494 3587 1527 3649 et

246 3694 340 3758 unice
372 3693 465 3778 diligi
497 3692 703 3778 hominisque
736 3692 967 3758 liberalitatem
1004 3693 1224 3759 incredibilem
1260 3696 1293 3757 et
1325 3690 1526 3778 singularem

247 3800 342 3864 fidem
370 3821 514 3882 nossem,
545 3799 591 3865 sic
615 3799 646 3863 ei
669 3804 701 3863 te
726 3800 949 3865 commendavi
977 3804 1010 3864 et
1038 3799 1171 3884 tradidi,
1198 3803 1236 3864 ut
1263 3796 1460 3885 grauissime
1482 3795 1528 3862 di·

247 3905 525 3992 ligentissimeque
544 3906 651 3991 potui3
674 3906 760 3990 quod
779 3905 834 3970 ille
858 3906 905 3970 ita
928 3911 961 3970 et
984 3906 1109 3990 accepit
1131 3911 1165 3970 et
1188 3903 1269 3969 mihi
1288 3926 1386 3989 saepe
1405 3901 1526 3969 litteris
1540 3918 1584 3961 Ξ

337 4139 360 4188 l.
379 4134 462 4204 plene
482 4134 537 4190 GR
559 4136 568 4202 11
592 4139 615 4187 4.
635 4135 753 4203 possunt
772 4133 827 4188 GR
850 4137 859 4201 l
881 4133 984 4189 uidebo
1005 4135 1043 4203 G,
1068 4133 1217 4200 uidebunt,
1236 4134 1249 4187 t
1268 4136 1283 4187 1
1303 4150 1338 4187 es
1356 4130 1395 4201 Q,
1414 4137 1447 4187 ut
1464 4132 1528 4197 oid,
1616 4155 1642 4181 ι

247 4206 287 4275 (ui
305 4205 390 4259 istinc
414 4204 542 4274 ueniunt)
559 4206 600 4272 R,
624 4204 706 4258 uideo
726 4206 772 4272 M,
796 4204 893 4258 uidero
917 4223 933 4264 ς
960 4209 970 4274 11
998 4212 1022 4261 5.
1040 4204 1272 4275 percontantibus
1295 4204 1336 4272 11,
1366 4204 1473 4257 cunt·
1494 4203 1525 4269 G,
1609 4230 1642 4257 e

248 4279 361 4332 cunct.-
382 4278 418 4330 M
442 4280 451 4345 11
478 4282 502 4331 6.
527 4278 658 4330 constant
683 4277 709 4332 G
736 4280 745 4345 l
771 4275 845 4329 inter
868 4295 917 4331 om.
944 4279 998 4333 GR
1025 4280 1034 4346 11
1064 4283 1105 4332 11.
1126 4283 1167 4332 12.
1192 4274 1372 4331 constituisse
1396 4275 1439 4341 R,
1464 4290 1526 4328 ecn-
1592 4290 1642 4305 ‘

248 4348 384 4417 stituisse,
404 4365 463 4429 esp.
483 4366 516 4402 m.
538 4355 562 4416 1,
584 4350 610 4402 G
629 4352 638 4413 11
663 4352 703 4402 12.
723 4363 849 4401 mensum
869 4348 1095 4414 MG,1nensium
1113 4349 1140 4402 11
1162 4350 1172 4417 11
1196 4353 1236 4401 13.
1255 4362 1327 4416 pace
1346 4345 1389 4413 M,
1408 4346 1441 4400 ut
1458 4360 1525 4427 paca
1570 4348 1642 4389 θ

249 4422 303 4475 GR
326 4423 335 4487 11
358 4419 475 4472 dixenm
497 4420 534 4486 G,
560 4418 686 4472 duxerim
705 4419 745 4486 R,
769 4418 895 4473 dirorum
914 4421 951 4473 M
974 4424 983 4488 1
1013 4425 1052 4473 16.
1073 4418 1317 4489 alienissimumst]
1336 4415 1524 4471 alienissimus
1547 4422 1642 4463 Β]

248 4494 277 4546 et
295 4492 367 4559 MG,
393 4490 478 4544 alieni
502 4508 597 4544 sumus
620 4492 650 4544 et
668 4491 695 4544 R
723 4494 732 4559 11
760 4496 801 4545 16.
822 4490 896 4544 enim
920 4492 1045 4547 om.G1t
1068 4494 1077 4560 11
1099 4491 1168 4562 non]
1194 4489 1264 4562 (et)
1286 4489 1342 4614 §gel
1364 4485 1454 4558 <ec>l
1471 4496 1642 4541 nonad

254 4564 413 4633 u'nouberp
435 4565 444 4630 11
470 4567 509 4616 17.
530 4562 569 4615 sic
588 4579 637 4616 our..
661 4563 714 4616 GR
737 4565 746 4628 11
770 4567 811 4616 19.
831 4561 951 4632 nullum}
971 4561 1060 4615 ullum
1079 4564 1153 4627 MG,
1179 4558 1267 4615 ullam
1336 4561 1345 4627 11
1368 4564 1413 4614 21.
1431 4558 1642 4611 aaran

248 4652 298 4687 om.
320 4635 345 4687 G
359 4636 368 4701 11
382 4639 424 4688 22.
444 4637 494 4686 tua
513 4653 562 4688 oni.
583 4635 609 4688 G
623 4636 632 4701 11
647 4639 688 4687 22.
710 4638 752 4687 23.
773 4649 806 4686 ex
825 4632 1018 4687 adulescentia
1038 4634 1100 4703 tua]
1126 4635 1155 4687 et
1173 4630 1368 4686 adulescentia
1386 4631 1466 4683 tuam
1481 4624 1642 4708 Μ

249 4706 278 4757 et
301 4722 362 4756 -am
387 4706 464 4758 tuam
483 4705 523 4769 11,
552 4721 615 4757 -arn
638 4707 718 4757 tuam
744 4705 769 4758 G
796 4705 805 4772 11
832 4709 874 4758 25.
899 4705 991 4771 quoad
1018 4706 1063 4770 M,
1092 4704 1168 4772 quod
1193 4704 1247 4759 GR
1274 4705 1284 4772 1
1311 4707 1353 4756 26.
1378 4697 1642 4755 demanant:

249 4775 415 4840 Lambinus,
440 4774 581 4829 attulerim
606 4779 631 4828 ,(1
659 4779 668 4845 11
695 4791 730 4828 ea
752 4773 826 4841 MG,
849 4790 913 4827 mea
935 4776 963 4829 11
991 4778 1000 4844 11
1026 4781 1069 4831 21,
1093 4775 1195 4830 ratiost
1218 4775 1264 4843 M,
1287 4771 1396 4828 ratione
1417 4770 1457 4837 B,
1477 4783 1642 4825 aaa

249 4844 322 4899 ratio
343 4845 455 4913 61130.
475 4845 517 4899 ita
535 4847 606 4915 MG,
624 4848 704 4915 grate
722 4846 759 4914 R,
778 4862 812 4900 car
829 4847 984 4914 glossemate
999 4854 1069 4917 puto
