3286 5460
557 365 594 421 Μ.
613 363 720 419 TVLLI
737 360 927 417 CICERONIS

659 580 714 646 vr.
749 577 830 667 (29.)

307 728 372 811 <Id
396 725 552 792 CICERO
577 724 608 791 S.
632 724 671 790 D.
694 723 729 789 P.
752 722 961 791 LENTVLO
986 722 1185 810 Prionos>

79 890 91 936 1
198 873 287 949 Quae
310 874 475 957 gerantur,
498 868 637 952 accipies
661 890 699 932 ex
718 867 876 952 Pollione,
898 868 953 951 qui
979 869 1131 934 omnibus
1153 870 1297 955 negotiis
1319 892 1382 934 non

108 979 258 1044 interfuit
282 978 401 1060 solum,
432 977 486 1041 sed
510 975 660 1060 praefuit.
706 998 757 1039 mc
780 975 815 1039 in
837 997 965 1040 summo
989 975 1113 1058 dolore,
1141 997 1237 1060 quem
1261 976 1297 1040 in
1320 975 1382 1041 tuis

107 1088 205 1150 rebus
228 1085 336 1170 capio,
365 1083 504 1148 maxime
532 1082 657 1147 scilicet
680 1082 868 1146 consolatur
896 1103 983 1166 spes,
1012 1083 1097 1166 quod
1121 1081 1214 1146 valde
1237 1083 1388 1166 suspicor
1433 1079 1445 1118 ⁵

108 1192 190 1275 fore,
220 1195 257 1255 ut
286 1189 486 1274 infringatur
512 1187 681 1252 hominum
710 1187 904 1273 improbitas
929 1192 962 1252 et
985 1188 1129 1254 consiliis
1154 1193 1287 1254 tuorum
1310 1190 1383 1254 ami·

109 1320 221 1364 corum
249 1301 283 1360 et
311 1297 383 1380 ipsa
410 1295 474 1379 die,
507 1316 589 1378 quae
621 1294 772 1359 debilitat
804 1294 1022 1383 cogitationes
1054 1299 1089 1360 et
1120 1294 1326 1360 inimicorum
1353 1300 1385 1360 et

78 1405 314 1489 aproditorum
342 1406 487 1485 tuorum,
515 1401 610 1466 facile
641 1402 781 1467 secundo
809 1401 881 1467 loco
909 1424 960 1466 me
988 1401 1175 1467 consolatur
1203 1402 1384 1467 recordatio

111 1532 269 1574 meorum·
285 1515 481 1593 temporum,
512 1529 651 1592 quorum
678 1509 854 1593 imaginem
884 1508 976 1572 video
1004 1508 1039 1572 in
1066 1507 1162 1572 rebus
1190 1507 1272 1593 tuis,
1303 1532 1385 1592 nam,

110 1616 172 1683 etsi
196 1616 320 1680 minore
343 1616 378 1679 in
400 1637 435 1680 re
458 1614 599 1680 violatur
617 1619 675 1679 tua
693 1615 846 1701 dignitas,
869 1638 966 1699 quam
985 1615 1056 1680 mea
1081 1614 1254 1700 adflictast,
1277 1621 1386 1682 tamen

111 1729 163 1789 est
177 1727 270 1787 tanta
284 1721 474 1806 similitudo,
492 1726 529 1786 ut
549 1744 675 1806 sperem
689 1726 722 1786 te
738 1722 818 1786 mihi
831 1721 1010 1808 ignoscere,
1029 1721 1057 1786 si
1075 1743 1114 1786 ca
1132 1744 1199 1787 non
1213 1722 1387 1805 timuerim,

111 1853 192 1914 quae
215 1851 256 1892 nc
280 1832 316 1892 tu
340 1828 468 1912 quidem
492 1850 648 1912 umquam
671 1829 816 1893 timenda
838 1829 969 1894 duxisti.
1010 1827 1072 1894 Sed
1095 1832 1227 1913 praesta
1241 1833 1283 1894 te
1307 1853 1387 1914 eum,

111 1935 167 2020 qui
195 1935 275 2000 mihi
303 1957 322 1998 a
350 1936 483 2018 teneris,
513 1940 550 2000 ut
578 1934 693 2000 Graeci
721 1935 846 2020 dicunt,
875 1935 1058 2021 unguiculis
1087 1957 1121 1999 es
1149 1935 1316 2020 cognitus:
1344 1937 1386 2000 iu·

110 2030 279 2119 lustrabit,
307 2041 387 2106 milri
416 2042 521 2125 erede,
549 2047 640 2106 tuam
663 2042 910 2126 amplitudinem
938 2042 1106 2108 hominum
1130 2041 1257 2107 iniuria
1296 2065 1316 2107 a
1338 2064 1388 2107 mc

111 2150 220 2215 omnia
247 2171 374 2214 summa
399 2149 433 2212 in
462 2153 494 2213 te
518 2149 626 2214 studia
653 2149 825 2233 officiaque
852 2154 999 2234 expecta:
1027 2171 1092 2214 non
1119 2148 1234 2213 fallam
1262 2148 1386 2234 opinio·
1400 2161 1446 2206 ¹

112 2279 186 2322 nem
211 2261 310 2323 tuam.

656 2415 728 2481 vu.
761 2415 843 2504 (31.)

309 2560 374 2644 <u
398 2558 556 2626 cronno
582 2557 613 2624 a.
637 2558 676 2623 u.
699 2559 735 2626 P.
758 2558 966 2625 uuurvuo
991 2557 1190 2642 procos>

83 2723 104 2772 1*
201 2703 283 2789 Legi
301 2708 375 2769 tuas
393 2704 533 2786 litteras,
558 2703 675 2787 quibus
699 2704 739 2767 ad
763 2726 814 2768 me
834 2703 950 2767 scribis
969 2707 1101 2788 gratum
1120 2702 1182 2766 tibi
1201 2724 1281 2787 esse,
1305 2704 1390 2789 quod

112 2811 226 2875 crebro
255 2810 374 2874 certior
406 2832 464 2893 per
497 2832 548 2875 me
582 2811 641 2874 fias
670 2811 708 2875 de
742 2810 892 2874 omnibus
925 2811 1022 2874 rebus
1053 2814 1086 2874 et
1114 2832 1219 2874 meam
1252 2831 1331 2896 erga
1358 2815 1446 2875 ten:

112 2908 374 2980 benevolentiam
397 2915 492 2980 facile
516 2916 706 3001 perspicias:
735 2940 872 3002 quorum
896 2917 1036 2982 alterum
1060 2916 1153 3001 milri,
1177 2919 1215 2979 ut
1238 2920 1270 2980 te
1294 2917 1392 3000 pluri-

113 3045 201 3087 mum
225 3022 370 3107 diligam,
394 3021 499 3085 facere
522 3044 652 3086 necesse
676 3027 736 3108 est,
759 3023 787 3087 si
811 3024 885 3088 volo
909 3023 937 3088 is
962 3044 1040 3105 esse,
1065 3044 1162 3107 quem
1186 3026 1223 3086 tu
1246 3045 1298 3088 me
1322 3044 1391 3088 esse

113 3129 261 3215 voluisti,
292 3128 431 3193 alterum
455 3127 539 3193 facio
563 3129 717 3213 libenter,
740 3134 791 3213 ut,
816 3130 969 3215 quoniam
992 3129 1165 3194 intervallo
1188 3128 1336 3194 locorum
1359 3134 1392 3195 et

113 3239 298 3319 temporum
322 3235 459 3299 diiuncti
483 3257 605 3321 sumus,
627 3258 685 3321 per
708 3237 835 3302 litteras
859 3242 967 3302 tecum
987 3259 1084 3321 quarn
1104 3236 1293 3320 saepissime
1318 3259 1391 3302 cou-

113 3342 237 3426 loqnar.
284 3342 370 3428 quod
398 3342 426 3406 si
449 3342 554 3406 rarius
581 3342 652 3427 fiet,
682 3366 780 3427 quam
808 3349 845 3408 tu
873 3343 1090 3429 exspectabis,
1118 3343 1150 3407 id
1178 3343 1241 3408 erit
1269 3365 1432 3427 causaest

115 3450 201 3532 quod
228 3471 294 3513 non
321 3449 390 3513 eius
416 3449 543 3534 generis
571 3471 660 3513 meae
684 3451 812 3515 litterae
842 3455 932 3536 sunt,
961 3455 999 3515 ut
1027 3473 1081 3515 eas
1110 3449 1244 3514 audeam
1272 3454 1394 3516 temere

115 3557 332 3620 committere:
357 3555 507 3639 quotiens
531 3556 611 3620 milri
630 3543 798 3621 'certorum
820 3557 989 3622 hominum
1008 3560 1155 3641 potestas
1180 3556 1251 3642 erit,
1275 3556 1395 3641 quibus

84 3666 202 3728 arcete
225 3664 311 3746 dem,
339 3684 404 3726 nou
427 3662 696 3746 praetermittam.
743 3665 827 3747 quod
856 3664 938 3729 scire
966 3663 1029 3747 vis,
1057 3686 1121 3747 qua
1145 3663 1281 3748 quisque
1303 3662 1339 3727 in
1362 3669 1396 3728 te

115 3769 177 3832 fide
206 3769 249 3834 sit
276 3774 310 3833 et
342 3768 524 3852 voluntate,
557 3769 688 3835 difficile
721 3771 810 3835 dictu
843 3775 894 3835 est
925 3770 964 3835 de
997 3770 1149 3856 singulis:
1181 3791 1281 3834 unum
1314 3769 1396 3835 illud

115 3875 227 3960 audeo,
251 3877 337 3959 quod
361 3879 458 3939 antea
481 3873 543 3939 tibi
567 3898 661 3961 saepe
686 3877 883 3962 significavi,
905 3899 991 3941 nunc
1015 3898 1142 3961 quoque
1166 3899 1200 3941 re
1224 3882 1438 3962 perspectare

203 4113 228 4160 2.
242 4107 449 4175 inscriptionem
463 4122 512 4158 om.
528 4104 589 4157 MR
603 4107 794 4174 (consequare.
810 4107 821 4177 I
836 4106 868 4160 V.
884 4122 957 4174 quae
971 4107 1018 4175 R).
1047 4105 1158 4159 Marcus
1173 4104 1283 4159 Tullius
1298 4103 1399 4162 Cicero

116 4175 235 4230 salutern
255 4176 373 4230 Lentulo
391 4175 552 4245 proconsuli
569 4177 616 4242 Gll
631 4183 654 4231 3.
670 4176 747 4242 Quae
760 4177 932 4232 —omnibus
951 4179 982 4232 in
1002 4178 1038 4232 M
1053 4179 1194 4232 rubricata
1208 4181 1217 4242 l
1231 4182 1256 4230 4.
1276 4175 1305 4230 in
1324 4177 1399 4247 tuis]

117 4246 225 4301 ortuis
244 4249 411 4311 Lambinus,
434 4247 491 4300 tuis
510 4247 676 4318 Wesenberp.
696 4250 729 4315 cf.
750 4249 838 4304 Rnete
858 4249 992 4318 ‘Gornecp
1014 4248 1079 4303 on!
1104 4251 1179 4318 (dira.
1201 4248 1294 4303 Mart.
1314 4251 1401 4319 1883)

113 4335 142 4383 p.
159 4324 209 4370 110
223 4322 232 4384 ΙΙ
246 4324 270 4372 o.
290 4317 372 4387 cupio
390 4319 444 4373 GR
457 4320 466 4386 [Ι
480 4323 504 4371 6.
524 4317 694 4400 infringatur
712 4338 746 4375 er
764 4319 916 4389 infrigatur
935 4337 1004 4375 corr.
1020 4321 1069 4373 Μ0
1083 4323 1093 4387 ΙΙ
1108 4326 1130 4374 7.
1146 4321 1230 4389 quae]
1247 4335 1301 4386 que
1317 4319 1382 4375 ΜΘ
1399 4331 1401 4337 ’

119 4393 160 4441 lo.
180 4389 295 4443 adflicta
314 4392 358 4443 est
382 4390 533 4455 Victorius,
556 4406 581 4444 a.
601 4392 639 4443 srt
658 4393 684 4443 a
711 4393 752 4459 (in
774 4393 808 4444 M
827 4390 865 4444 sit
883 4394 979 4444 tamen
997 4410 1031 4447 en
1050 4390 1074 4444 si
1093 4392 1188 4444 tamen
1207 4408 1276 4445 corr.
1295 4406 1330 4444 m.
1352 4393 1382 4460 1)
1392 4394 1402 4463 {l

118 4463 160 4510 1⁶2.
175 4461 203 4512 te
218 4478 267 4515 om.
285 4461 339 4516 Glt
353 4465 362 4530 ΙΙ
377 4466 417 4514 13.
433 4459 510 4528 greci
525 4460 586 4516 ΜΘ
600 4463 609 4528 ΙΙ
624 4461 736 4531 ungulis
753 4463 855 4530 Gflesl
874 4463 917 4515 est
931 4465 957 4515 a
975 4465 1017 4532 (in
1031 4463 1067 4516 M
1083 4464 1096 4517 t
1113 4480 1192 4516 eraso
1210 4469 1249 4515 est
1266 4463 1312 4516 aed
1327 4463 1401 4518 lectu

118 4545 136 4578 u
151 4529 184 4594 P,
202 4533 232 4582 u'n
247 4532 274 4584 R
294 4549 350 4585 unu
369 4533 421 4586 litt.
436 4538 500 4585 unte
514 4534 558 4585 est
571 4536 660 4599 eruca)
675 4537 684 4602 fl
700 4539 739 4587 18.
755 4536 959 4603 inscriptionem
976 4551 1026 4587 om.
1042 4533 1103 4586 MR
1122 4531 1293 4602 (opinionem
1308 4534 1399 4589 tuam.

119 4596 190 4675 [Vl.
210 4599 278 4669 Legi
288 4603 334 4669 n).
353 4603 465 4656 Marcus
480 4601 589 4656 Tullius
604 4603 699 4657 Cicero
719 4603 769 4657 sal.
786 4603 839 4658 dic.
854 4604 973 4657 Lentulo
988 4603 1151 4658 Proconsuli
1168 4603 1400 4673 01119116ςὶ-

118 4667 172 4720 ubi
193 4672 222 4722 in
236 4672 272 4724 M
287 4674 428 4727 rubricata
441 4672 575 4740 Illiberris
594 4677 658 4728 tuas
675 4674 1016 4741 &cartennensium
1032 4677 1093 4743 GR,
1114 4677 1186 4744 prend
1204 4676 1324 4756 amplius
1342 4693 1402 4731 non

118 4741 260 4820 notabitur
273 4746 282 4807 u
296 4747 337 4795 22.
353 4743 377 4796 is
391 4762 425 4798 en
443 4744 487 4796 his
501 4747 622 4800 radendo
640 4746 675 4797 M
687 4748 751 4813 [124.
768 4744 902 4800 disiuncti
914 4747 968 4802 Gn
982 4753 990 4813 l
1005 4751 1046 4801 25.
1061 4746 1152 4800 rarius
1163 4745 1205 4815 M,
1220 4763 1312 4800 minus
1325 4747 1383 4803 GR
1391 4749 1401 4817 Η

119 4812 162 4862 29.
183 4809 261 4865 dictu
280 4812 345 4866 ΗΜ
359 4814 416 4882 (Μ1
434 4831 468 4868 ex
487 4815 613 4885 dictum),
632 4814 739 4869 dictum
760 4817 784 4872 G
1333 4814 1343 4829 ⁰
