3286 5460
189 377 255 440 230
638 370 675 426 n.
695 370 802 424 uvam
821 367 1011 426 crcuaours

189 540 245 624 qui
268 537 414 605 consiliis
441 558 507 601 non
534 536 708 618 intersum,
738 533 795 599 sed
816 556 858 598 ne
881 534 990 618 ipsum
1018 534 1148 620 quidem
1171 533 1353 620 principem
1379 533 1478 614 scire,

190 646 267 730 quid
290 646 438 709 futurum
461 643 519 727 sit,
541 664 602 706 nos
625 641 712 706 enim
735 641 784 705 illi
809 642 982 725 servimus,
1004 641 1075 726 ipse
1098 641 1315 726 temporibus:
1338 641 1391 706 ita
1412 663 1477 707 nec

190 752 254 837 ille,
278 752 356 836 quid
379 756 528 834 tempora
545 749 753 833 postulatura
775 748 852 833 sint,
874 769 934 814 nec
956 770 1027 832 nos,
1050 748 1127 832 quid
1149 749 1206 814 illo
1230 748 1365 834 cogitet,
1389 749 1476 814 scire

190 881 371 945 possumus.
416 858 497 922 haec
525 856 586 920 tibi
614 860 712 920 antea
738 876 805 919 non
835 853 1001 940 rescripsi,
1032 876 1099 920 non
1126 876 1192 939 quo
1220 859 1368 921 cessator
1401 877 1477 921 esse

191 968 342 1050 solerem,
370 963 562 1049 praesertim
585 961 620 1026 in
642 961 777 1047 litteris,
807 962 877 1046 sed,
905 984 978 1026 cum
1006 961 1167 1046 explorati
1194 961 1278 1026 nihil
1304 963 1476 1047 haberem,
1502 988 1514 1026 ο

190 1096 249 1139 nec
277 1072 338 1137 tibi
368 1069 621 1135 sollicitudinem
650 1089 689 1132 ex
716 1067 920 1133 dubitatione
951 1089 1023 1133 mea
1049 1089 1107 1132 nec
1136 1089 1227 1152 spem
1254 1091 1294 1133 ex
1321 1069 1477 1134 adfirma-

191 1181 280 1246 tione
304 1179 429 1243 adferre
457 1176 554 1242 volui.
600 1175 680 1239 illud
708 1180 818 1240 tamen
846 1174 1043 1258 adscribam,
1071 1175 1158 1259 quod
1181 1179 1232 1240 est
1254 1175 1476 1258 vcmssimum,

192 1310 243 1352 me
266 1286 317 1350 his
342 1283 544 1368 temporibus
568 1282 673 1347 adhuc
696 1283 735 1346 de
758 1281 822 1346 isto
846 1281 990 1365 periculo
1017 1279 1102 1346 nihil
1128 1281 1270 1347 audisse:
1300 1285 1337 1346 tu
1362 1286 1475 1348 tamen

192 1416 252 1478 pro
275 1398 333 1456 tua
355 1389 517 1476 sapientia
538 1389 671 1454 debebis
695 1393 809 1473 optare
833 1387 967 1474 optima,
990 1388 1135 1474 cogitare
1159 1387 1365 1474 difficillima,
1388 1389 1475 1455 ferre

194 1520 414 1583 quaecumque
437 1500 541 1562 erunt.
1234 1499 1238 1513 '
1488 1522 1512 1562 ιο

699 1636 821 1703 111111.
856 1636 961 1724 (212.)

458 1779 617 1847 CICERO
642 1779 675 1846 S.
697 1779 736 1846 D.
762 1779 812 1865 [L.
835 1777 1031 1864 PAPIRIO]
1054 1778 1208 1847 ΡΑΕΤΟ.

162 1943 174 1989 1
285 1926 367 1991 Cum
395 1946 499 1989 essem
528 1922 652 1989 otiosus
681 1924 715 1988 in
742 1908 939 2007 lbrsculano,
970 1926 1144 2008 propterea
1175 1923 1261 2008 quod
1293 1923 1472 2009 discipulos

197 2033 326 2098 obviam
350 2033 512 2117 miseram,
535 2035 573 2097 ut
595 2032 707 2123 eadem
730 2054 782 2095 me
806 2052 904 2115 quam
923 2030 1063 2095 maxime
1082 2030 1294 2096 conciliarent
1317 2029 1472 2096 familiari

197 2163 269 2223 suo,
293 2139 403 2224 accepi
426 2143 500 2203 tuas
523 2139 652 2204 litteras
675 2136 882 2221 plenissimas
906 2136 1098 2220 suavitatis,
1120 2159 1159 2202 ex
1183 2137 1300 2221 quibus
1324 2137 1474 2204 intellexi
1488 2162 1511 2202 n

196 2247 329 2331 probari
357 2246 419 2310 tibi
448 2265 556 2309 meum
579 2244 766 2329 consilium,
796 2244 896 2328 quod,
927 2248 966 2308 ut
992 2243 1170 2329 Dionysius
1197 2248 1373 2332 tyrannus,
1400 2267 1474 2310 cum

198 2352 368 2438 Syracusis
396 2351 510 2436 pulsus
539 2356 638 2435 esset,
667 2349 817 2416 Corinthi
845 2350 964 2415 dicitur
991 2351 1103 2416 ludum
1127 2351 1307 2439 aperuisse,
1336 2352 1385 2418 sic
1412 2373 1474 2439 ego

199 2460 337 2526 sublatis
361 2457 490 2523 iudiciis
509 2459 629 2523 amisso
648 2479 750 2544 regno
773 2457 895 2522 forensi
918 2458 1031 2522 ludum
1050 2458 1144 2543 quasi
1162 2458 1282 2523 habere
1301 2459 1475 2544 coeperim.

163 2567 276 2651 aquid
305 2565 455 2649 quaeris?
488 2587 538 2628 me
567 2587 695 2649 quoque
728 2565 869 2629 delectat
898 2565 1084 2651 consilium3
1116 2564 1220 2631 multa
1248 2565 1334 2630 enim
1366 2586 1476 2631 conse·

194 2678 294 2758 quor:
316 2672 468 2757 primum,
491 2671 523 2735 id
548 2672 634 2756 quod
651 2672 797 2749 maxime
820 2693 906 2737 nunc
930 2693 1011 2757 opus
1035 2676 1099 2751 est,
1122 2673 1232 2737 munio
1255 2693 1306 2760 me
1330 2672 1372 2737 ad
1395 2673 1514 2737 baccae

199 2786 354 2864 tempora.
400 2778 433 2842 id
461 2778 641 2844 cuiusmodi
670 2779 728 2862 sit,
760 2779 883 2863 nescio3
915 2782 1045 2843 tantum
1077 2778 1184 2863 video,
1214 2778 1337 2844 nullius
1370 2779 1478 2845 adhuc

199 2887 371 2952 consilium
403 2908 454 2950 me
486 2884 563 2949 huic
595 2889 807 2970 anteponere3
843 2885 907 2948 nisi
939 2885 1025 2950 forte
1061 2886 1145 2951 mori
1176 2885 1292 2952 melius
1320 2884 1406 2951 ¹fuit:
1442 2887 1478 2951 in

199 2993 334 3071 lectule,
366 2992 485 3074 fateor,
518 2991 573 3055 sed
601 3012 666 3054 non
694 2990 825 3076 accidit,
857 2992 891 3055 in
919 2991 987 3056 acie
1015 3013 1080 3055 non
1109 2991 1171 3077 fui;
1203 2992 1301 3057 ceteri
1334 2992 1479 3076 quidem,

204 3098 386 3179 Pompeius,
409 3096 567 3162 Lentulus
586 3101 672 3182 tuus,
696 3095 814 3182 Scipio,
837 3097 994 3163 Afranius
1012 3098 1106 3164 foede
1123 3099 1299 3184 perierunt.
1332 3098 1379 3164 ‘at
1394 3099 1479 3166 Cato

201 3202 390 3288 praeclare'
436 3204 501 3267 iam
525 3204 610 3268 istuc
633 3204 778 3290 quidem,
805 3227 878 3269 cum
901 3205 1061 3290 volemus,
1088 3205 1214 3291 licebit;
1241 3206 1354 3270 demus
1379 3206 1479 3272 modo
1494 3230 1517 3271 a

202 3332 346 3395 operam,
369 3332 409 3373 nc
434 3315 502 3373 tam
525 3333 655 3375 necesse
678 3311 773 3376 nobis
798 3311 853 3395 sit,
881 3332 978 3396 quam
1001 3312 1050 3375 illi
1074 3312 1150 3396 fuit,
1173 3313 1205 3377 id
1229 3312 1316 3398 quod
1339 3313 1481 3399 agimus.

166 3438 280 3503 aergo
308 3417 371 3481 hoc
399 3417 550 3500 primum.
597 3418 744 3501 sequitur
771 3419 865 3482 illud:
894 3418 964 3502 ipse
992 3418 1107 3483 melior
1134 3419 1192 3502 fio,
1221 3419 1364 3503 primum
1393 3420 1481 3485 vale·

201 3525 329 3607 tudine,
361 3545 459 3607 quam
491 3524 686 3588 intermissis
718 3525 1005 3590 exercitationibus
1038 3525 1227 3612 amiseram,
1258 3525 1373 3590 deinde
1408 3526 1483 3611 ipsa

202 3632 272 3713 illa,
300 3631 327 3694 si
357 3653 420 3714 qua
448 3630 512 3694 fuit
539 3630 573 3694 in
600 3653 664 3712 me,
697 3631 837 3696 facultas
865 3631 1037 3716 orationis,
1068 3631 1132 3696 nisi
1159 3654 1211 3696 me
1239 3631 1279 3697 ad
1305 3632 1365 3696 has
1391 3634 1482 3699 eier-

202 3738 374 3803 oitationes
407 3737 623 3822 rettulissem,
660 3738 848 3802 exaruisset.
898 3743 1078 3803 extremum
1110 3738 1190 3802 illud
1223 3743 1290 3822 est,
1321 3738 1412 3822 quod
1443 3745 1483 3804 tu
1497 3765 1517 3804 a

201 3845 310 3908 nescio
330 3866 371 3907 an
390 3844 532 3926 primum
551 3848 658 3927 putes:
682 3845 785 3927 pluris
803 3845 868 3909 iam
888 3866 1029 3929 pavones
1049 3844 1173 3910 confeci
1197 3867 1294 3929 quam
1313 3849 1351 3910 tu
1368 3845 1483 3931 pullos

203 3951 421 4031 columbinos,
451 3955 488 4014 tu
516 3950 590 4014 istic
619 3953 651 4014 te
675 3949 854 4016 Hateriano
882 3952 952 4016 iure
980 3952 1135 4035 delectas,
1163 3973 1224 4038 ego
1252 3974 1303 4017 me
1327 3951 1382 4017 hic
1406 3951 1483 4017 Hir·

203 4057 301 4121 tiano.
353 4051 433 4119 veni'
458 4057 577 4141 igitur,
612 4057 640 4120 si
673 4057 723 4120 vir
755 4079 804 4140 es,
836 4063 870 4122 et
902 4058 1073 4140 †disceam
1105 4063 1366 4145 προλεγομενας,
1400 4081 1483 4144 quas

293 4253 316 4301 7.
337 4246 496 4301 adscribam
520 4248 565 4315 M,
592 4249 628 4300 ad
651 4252 680 4303 te
704 4249 825 4303 scribam
844 4250 882 4303 D.
916 4250 1076 4304 adscribam
1099 4251 1133 4304 H
1151 4253 1198 4306 sed
1220 4258 1281 4320 post
1303 4252 1484 4307 verissimum

202 4321 362 4375 collocutum
375 4322 384 4387 ΙΙ
399 4324 422 4374 9.
443 4321 493 4371 tua
513 4318 653 4387 sapientia
673 4320 713 4389 M,
734 4319 875 4389 sapientia
892 4324 943 4373 tua
962 4322 1000 4388 H,
1020 4325 1070 4375 tua
1089 4322 1240 4391 prudentia
1259 4325 1310 4390 D!
1326 4329 1368 4378 12.
1383 4323 1414 4379 L.
1430 4324 1483 4378 Pa·

203 4390 274 4461 pirio
294 4408 343 4444 om.
364 4392 421 4445 iad.
437 4390 510 4444 MH.
539 4397 622 4444 totum
640 4393 711 4446 barte
729 4394 873 4460 epistulam
892 4395 992 4447 oraitte't
1006 4395 1039 4447 H
1056 4396 1247 4460 (contaminati
1264 4395 1364 4449 babent
1383 4412 1484 4462 orienes,

203 4465 259 4543 uisi
282 4464 330 4530 qai
353 4464 463 4515 omniuo
486 4463 581 4543 ereatilt
600 4466 676 4543 saal)
698 4464 708 4529 ΙΙ
732 4468 772 4516 13.
793 4465 952 4535 propterea]
975 4466 1121 4532 praeterea
1140 4465 1203 4518 MD
1225 4468 1234 4534 Η
1258 4471 1305 4546 15..
1320 4464 1426 4546 quibus
1444 4467 1482 4534 D,

204 4551 268 4657 ‘tt
285 4534 351 4655 tl
365 4539 421 4671 lia
434 4532 553 4657 ⁸333
564 4533 1150 4673 11311333333111133
1164 4536 1485 4678 3133331131

205 4624 245 4753 33.
268 4637 615 4743 ‹tiseeamuaeiootepopevos
634 4677 679 4742 M,
700 4648 775 4729 disee
794 4639 1019 4746 unpolayopervuc
1038 4649 1088 4732 D,
1108 4678 1183 4732 disce
1204 4696 1221 4731 a
1240 4695 1284 4732 me
1302 4698 1348 4746 πρ.
1368 4680 1485 4750 Bertprl,

206 4745 280 4796 disce
300 4745 356 4797 iam
372 4765 417 4812 πρ.
434 4747 492 4799 alii.
517 4747 602 4801 ultius
615 4749 714 4801 uitium
732 4748 814 4800 lutere
832 4750 952 4803 uidetur:
970 4767 1033 4803 nuru
1053 4748 1260 4818 προλεγομένοις
1272 4768 1307 4804 ae
1320 4769 1339 4804 a
1355 4749 1485 4806 oscam

205 4817 326 4885 praiduu,
353 4818 427 4870 troad
455 4817 523 4871 boeto
551 4820 683 4888 ceteroqui
707 4818 873 4874 Graecitatis
898 4827 1020 4886 cadere,
1044 4824 1114 4890 poni
1138 4824 1258 4891 potuisse
1282 4822 1398 4878 adem.
1427 4837 1484 4878 aron
