3286 5460
195 354 240 416 44
652 354 690 409 M.
709 354 814 408 TVLLI
834 353 1022 409 CICERONIS

161 534 176 580 a
196 519 284 602 quod
307 522 357 582 est
379 518 482 604 igitur
505 540 612 583 meum
635 517 744 582 ‘triste
768 516 974 583 consilium’?
997 522 1036 582 ut
1058 516 1256 583 discederem
1278 517 1422 584 fortasse
1446 519 1478 583 in

197 624 323 707 aliquas
347 625 548 691 solitudines.
589 625 678 689 nosti
706 624 792 689 enim
820 648 886 690 non
914 624 1010 689 modo
1035 624 1195 689 stomachi
1219 625 1296 708 mei,
1323 625 1419 690 cuius
1443 631 1477 690 tn

197 730 337 794 similem
365 733 527 814 quondam
553 731 711 816 habebas,
743 732 921 796 sedetiam
950 731 1119 797 oculorum
1141 731 1175 795 in
1198 732 1369 797 hominum
1393 733 1478 797 inso

197 837 333 901 lentium
361 837 557 924 indignitate
584 837 768 923 fastidium
798 838 923 902 accedit
951 836 1050 903 etiam
1083 839 1221 903 molesta
1248 838 1329 905 haec
1356 861 1478 924 pompa

196 942 348 1008 lictorum
381 966 527 1010 meorum
559 967 741 1030 nomenque
774 945 916 1029 imperii,
953 967 1017 1029 quo
1050 945 1209 1029 appellor:
1247 968 1285 1010 eo
1318 946 1347 1010 si
1380 967 1513 1011 oneres

196 1070 353 1135 carerem,
380 1051 528 1134 quamvis
556 1052 665 1135 parvis
689 1052 805 1116 Italiac
833 1051 969 1117 latebris
998 1054 1170 1116 contentus
1198 1074 1318 1136 essem3
1348 1053 1406 1116 sed
1434 1053 1478 1116 in·

197 1157 299 1221 currit
321 1158 401 1223 haee
424 1163 538 1223 nostra
564 1159 678 1224 laurus
705 1182 770 1224 non
798 1159 904 1224 solum
932 1157 966 1222 in
995 1159 1120 1242 oculos,
1150 1159 1207 1222 sed
1228 1158 1296 1223 iam
1319 1159 1421 1223 etiam
1444 1158 1478 1224 in

198 1264 328 1329 voculas
357 1266 603 1330 malevolorum:
632 1267 718 1350 quod
747 1266 892 1331 sumita
919 1269 1018 1348 esset,
1044 1264 1092 1329 nil
1121 1270 1231 1331 tamen
1258 1287 1417 1349 umquam
1440 1266 1478 1330 dc

197 1372 398 1454 profectione
428 1372 491 1436 nisi
521 1374 614 1438 vobis
648 1372 905 1457 adprobantibus
938 1372 1095 1457 cogitavi3
1127 1372 1183 1437 sed
1211 1394 1284 1437 mea
1310 1372 1478 1457 praediola

197 1476 258 1541 tibi
287 1482 366 1542 uota
393 1483 482 1543 sunt:
512 1480 543 1542 in
573 1480 624 1544 his
653 1480 733 1544 mihi
760 1499 890 1543 necesse
918 1482 969 1542 est
996 1500 1081 1563 esse,
1107 1500 1148 1542 ne
1176 1479 1290 1544 amicis
1318 1480 1477 1545 molestus
1491 1502 1513 1540 ro

197 1584 273 1667 sim3
301 1585 387 1667 quod
410 1591 519 1650 autem
543 1587 577 1650 in
601 1586 775 1651 maritimis
798 1586 953 1651 facillime
982 1607 1068 1668 sum,
1094 1607 1209 1650 moveo
1237 1586 1405 1652 nonnullis
1428 1609 1478 1651 su·

198 1691 377 1775 spicionem
399 1693 481 1756 velle
506 1715 556 1757 me
584 1693 751 1778 navigare,
783 1693 869 1775 quod
893 1696 1002 1757 tamen
1025 1692 1166 1757 fortasse
1193 1714 1258 1757 non
1286 1692 1423 1774 nollem,
1449 1694 1477 1757 si

197 1819 328 1881 possem
353 1800 392 1863 ad
417 1800 535 1884 otium3
557 1822 633 1864 nam
657 1799 697 1864 ad
720 1799 843 1863 bellum
863 1797 991 1881 quidem
1011 1799 1067 1883 qui
1086 1797 1260 1864 convenit?
1283 1799 1477 1883 praesertim

199 1908 313 1968 contra
335 1926 421 1991 eum,
450 1908 501 1971 cui
531 1929 625 1991 spero
649 1929 701 1970 me
729 1905 810 1970 satis
834 1905 963 1990 fecisse,
991 1906 1033 1970 ab
1056 1927 1108 1989 eo,
1136 1905 1189 1970 cui
1211 1904 1278 1969 iam
1301 1905 1384 1970 satis
1407 1905 1477 1970 fieri

163 2028 179 2074 3
199 2012 288 2076 nullo
313 2013 409 2077 modo
433 2017 551 2098 potest.
589 2014 702 2078 deiude
722 2012 920 2077 sententiam
940 2034 1045 2077 meam
1064 2016 1101 2076 tu
1119 2011 1275 2077 facillime
1294 2011 1477 2096 perspicere
1492 2034 1512 2074 a

198 2119 337 2203 potuisti
356 2120 422 2185 iam
441 2121 482 2185 ab
502 2121 560 2186 illo
579 2126 735 2205 tempore,
757 2141 829 2183 cum
848 2118 882 2183 in
897 2118 1079 2184 Cumanum
1097 2118 1179 2184 mihi
1198 2117 1329 2183 obviam
1349 2118 1479 2183 venisti:

198 2227 373 2290 nonenim
397 2233 429 2292 te
453 2228 555 2292 celari
578 2249 760 2293 sermonem
783 2227 820 2291 Τ.
844 2226 968 2311 Ampii3
996 2227 1122 2311 vidisti,
1149 2247 1247 2310 quam
1271 2224 1479 2290 abhorrerem

199 2333 239 2396 ab
268 2334 348 2397 urbe
372 2334 596 2418 relinquenda,
623 2356 697 2419 aurp
725 2334 901 2398 audissem:
929 2355 1035 2398 nonne
1064 2332 1126 2397 tibi
1155 2332 1324 2397 adfirmavi
1353 2331 1477 2415 quidvis

198 2461 249 2503 me
272 2441 383 2524 potius
407 2464 637 2527 perpessurum
662 2463 759 2524 quam
784 2462 822 2504 ex
842 2439 941 2505 Italia
964 2441 1004 2505 ad
1028 2440 1150 2504 bellum
1174 2439 1268 2504 civile
1292 2438 1478 2503 exiturum?

198 2546 274 2630 quid
299 2569 377 2632 ergo
402 2547 529 2632 accidit,
553 2570 610 2613 eur
633 2547 805 2614 consilium
830 2548 1013 2613 mutarem?
1045 2569 1152 2612 nonne
1172 2546 1282 2611 omnia
1299 2546 1420 2630 potius,
1442 2550 1508 2609 uto

198 2652 232 2715 in
260 2653 424 2717 sententia
450 2653 698 2737 permanerem?
735 2654 846 2717 eredas
879 2652 941 2718 hoc
969 2652 1049 2718 mihi
1078 2653 1193 2739 velim,
1225 2653 1311 2737 quod
1339 2658 1421 2737 puto
1449 2656 1479 2717 te

199 2759 394 2843 existimare,
419 2782 470 2824 me
494 2782 533 2824 ex
556 2760 608 2824 his
628 2760 768 2825 miseriis
787 2760 870 2824 nihil
890 2759 978 2823 aliud
998 2781 1160 2844 quaerere,
1183 2759 1248 2823 nisi
1271 2762 1310 2823 ut
1331 2758 1480 2824 homines

199 2866 373 2949 aliquando
397 2866 592 2951 intellegant
615 2889 666 2931 me
689 2866 772 2930 nihil
797 2867 949 2931 maluisse
974 2888 1072 2950 quam
1095 2888 1222 2950 pacem,
1249 2887 1287 2929 ea
1311 2865 1483 2950 desperata

198 2971 281 3036 nihil
309 2976 377 3035 tam
404 2971 528 3056 fugisse
561 2995 659 3055 quam
687 2995 777 3036 arma
809 2973 931 3037 civilia:
964 2974 1061 3038 huius
1090 2994 1141 3037 me
1170 2972 1374 3038 constantiae
1401 2975 1481 3056 puto

200 3079 268 3142 fore
292 3082 329 3141 ut
352 3100 529 3162 numquam
552 3079 726 3162 paeniteat.
765 3079 884 3143 etenim
904 3080 1038 3144 memini
1061 3080 1096 3144 in
1118 3080 1181 3145 hoc
1204 3101 1322 3165 genere
1344 3077 1482 3162 gloriari
1509 3086 1550 3133 2³

200 3184 335 3248 solitum
364 3207 433 3249 esse
462 3184 657 3248 familiarem
689 3190 840 3249 nostrum
870 3184 904 3261 Q.
928 3185 1155 3269 Hortensium,
1189 3184 1275 3269 quod
1302 3205 1483 3268 numquam

200 3291 286 3356 bello
316 3291 403 3355 civili
431 3291 646 3355 interfuisset:
678 3292 740 3357 hoc
767 3297 881 3357 nostra
908 3293 979 3357 laus
1011 3293 1074 3357 erit
1101 3291 1285 3374 inlustrior,
1319 3291 1406 3374 quod
1435 3291 1484 3355 illi

202 3397 409 3462 tribuebatur
441 3397 603 3483 ignaviae,
637 3397 675 3462 de
708 3398 802 3463 nobis
831 3399 863 3462 id
891 3398 1072 3463 existimari
1104 3420 1199 3483 posse
1232 3420 1298 3463 nou
1330 3397 1485 3462 arbitror.

165 3520 259 3568 suec
287 3526 338 3569 me
366 3505 432 3569 ista
461 3509 597 3588 terrent,
626 3527 706 3589 quae
736 3506 816 3569 mihi
845 3528 864 3569 a
892 3510 924 3569 te
953 3506 993 3570 sd
1021 3506 1173 3571 timorem
1201 3503 1357 3569 fidissime
1386 3507 1485 3588 atque

201 3611 425 3676 amantissime
453 3616 694 3697 proponuntur,
723 3613 813 3677 nulla
836 3616 887 3677 est
910 3612 996 3676 enim
1020 3611 1195 3696 acerbitas,
1223 3633 1304 3695 quae
1327 3632 1395 3675 non
1419 3632 1486 3675 om·
1538 3620 1550 3654 -’

201 3717 298 3783 nibus
325 3718 387 3783 hac
415 3718 504 3783 orbis
532 3724 695 3783 terrarum
718 3719 965 3803 perturbatione
992 3719 1166 3803 inpendere
1194 3718 1354 3802 videatur,
1386 3739 1486 3801 quam

203 3825 332 3909 quidem
360 3847 421 3910 ego
450 3848 469 3888 a
496 3849 530 3889 re
560 3825 692 3909 publica
719 3825 799 3889 meis
828 3825 966 3909 privatis
994 3830 1027 3888 et
1054 3823 1241 3889 domesticis
1268 3824 1486 3890 incommodis

202 3932 418 3995 libentissime
446 3932 497 3995 vol
525 3933 598 3996 istis
629 3932 724 4015 ipsis,
757 3954 838 4015 cquae
867 3936 902 3995 tu
932 3954 982 3995 me
1015 3953 1127 3996 mones
1156 3936 1193 3995 ut
1221 3952 1364 4013 caveam,
1398 3931 1486 3994 rede-

168 4038 345 4112 5missem.
384 4038 451 4102 filio
475 4061 561 4123 meo,
592 4061 688 4123 quem
717 4038 777 4102 fibi
802 4061 913 4103 carum
936 4060 1007 4102 essa
1031 4039 1172 4123 gaudeo,
1200 4037 1226 4100 si
1255 4036 1319 4100 erit
1342 4034 1411 4100 ulla
1434 4058 1487 4101 res

293 4310 316 4356 1.
337 4307 381 4357 est
399 4321 449 4357 om.
470 4305 496 4357 G
515 4307 523 4371 ll
542 4312 703 4358 rneurn--a'¹
724 4303 798 4357 enim
817 4322 868 4357 cor.
889 4305 914 4358 G
937 4306 946 4370 ll
971 4309 993 4356 ῑ.
1014 4302 1072 4355 iam
1091 4302 1131 4362 M.
1151 4318 1201 4354 om.
1223 4301 1277 4354 GR
1296 4302 1305 4367 ΙΙ
1324 4305 1347 4353 8.
1368 4299 1488 4353 uoculae

203 4392 237 4426 cr
255 4373 371 4428 uoculus
387 4376 424 4428 M
426 4374 441 4443 ¹,
461 4374 541 4428 uoles
557 4376 611 4429 GR
626 4378 634 4443 ll
649 4374 820 4429 nraleuorum
836 4376 872 4426 M
883 4377 892 4442 ll
907 4380 948 4428 11.
968 4392 1029 4426 sum
1048 4372 1184 4426 facillime
1200 4373 1236 4425 M
1239 4379 1250 4406 ⁰
1263 4375 1272 4440 ΙΙ
1289 4376 1328 4425 13.
1349 4369 1400 4438 qui
1416 4370 1487 4438 MR,

204 4446 279 4511 quod
296 4447 320 4497 G
335 4449 400 4514 1114.
421 4449 518 4499 contra
537 4464 619 4498 enum
635 4449 660 4498 Ω
674 4449 683 4514 ll
698 4446 741 4498 cui
761 4446 817 4498 iam
833 4447 1107 4515 Ascripsit-Lapara,
1125 4443 1171 4496 eui
1190 4445 1248 4495 tam
1264 4443 1305 4508 M,
1326 4440 1371 4495 cui
1390 4444 1489 4495 tamen

206 4518 240 4581 (ι’,
260 4516 348 4569 uitam
368 4519 394 4571 a
409 4521 418 4585 Η
434 4523 473 4571 17.
493 4517 523 4571 Τ.
539 4517 646 4585 Arupiil
667 4516 767 4586 tempii
787 4517 857 4582 MG,
877 4515 954 4597 appii
976 4517 1003 4571 R
1017 4520 1026 4584 ΙΙ
1041 4516 1199 4569 aborrerom
1215 4515 1256 4581 M,
1276 4513 1438 4566 aberrarem
1454 4513 1489 4579 G,

205 4586 330 4640 aberrem
349 4588 376 4640 R
395 4591 404 4655 11
425 4591 464 4642 19,
485 4587 569 4641 ciuile
590 4588 652 4653 GR,
673 4587 785 4641 ciuilem
804 4587 844 4639 M.
865 4585 947 4640 civile
966 4604 1010 4640 me
1029 4588 1082 4642 alii
1099 4589 1108 4654 ΙΙ
1129 4592 1171 4640 20.
1192 4584 1340 4639 consilium
1359 4584 1402 4650 M,
1422 4600 1489 4636 con-

206 4656 299 4710 silium
318 4675 410 4710 mcum
431 4660 485 4713 Glt
499 4662 508 4727 ll
522 4666 564 4713 22.
585 4659 669 4730 <ita>
689 4657 850 4712 existimare
870 4659 1038 4727 iterante-9,
1056 4675 1145 4712 errore
1158 4661 1167 4724 ll
1183 4662 1224 4710 ⁵27.
1244 4656 1307 4708 laus
1325 4657 1424 4708 nostru
1445 4655 1470 4709 G
1488 4662 1491 4724 j

206 4733 248 4780 ⁸28.
269 4728 429 4781 existimare
448 4731 484 4782 M
496 4734 504 4796 ll
523 4737 565 4784 29.
585 4729 719 4783 fidissime
739 4733 773 4796 Ω,
792 4728 955 4781 fidelissime
974 4731 1026 4781 alii
1043 4731 1052 4795 ll
1072 4734 1113 4782 ἓξ).
1130 4734 1172 4781 30.
1188 4730 1274 4795 atquc
1293 4725 1490 4780 amantissime

205 4818 257 4852 our.
277 4800 304 4852 a
319 4801 327 4865 1!
342 4804 383 4852 31.
404 4799 457 4852 hac
476 4818 509 4854 ea·
528 4801 580 4854 hoc
599 4803 633 4854 M
640 4808 648 4832 ¹
661 4805 670 4868 ΙΙ
685 4807 727 4854 32.
747 4798 909 4852 domesticis
928 4800 964 4866 R,
984 4798 1145 4852 modestieis
1166 4800 1226 4853 Me
