3314 5460
571 373 825 431 EPISTVLARVM
844 374 890 428 IV.
913 380 934 428 1.
955 380 979 428 a.
999 380 1022 428 a.
1399 373 1438 436 Π
1508 336 1509 340 ¹

124 620 127 627 .
206 541 327 624 debemus,
346 543 385 603 ut
407 539 490 604 nihil
514 539 711 604 arbitremur
734 538 893 622 expedire,
915 537 979 601 nisi
1005 537 1090 621 quod
1110 541 1235 602 rectum
1254 537 1440 602 honestum·

124 666 127 697 ὲ
207 669 249 730 que
267 647 309 730 sit,
334 669 400 713 non
424 649 534 731 potest
557 667 627 710 esse
650 644 800 728 dubium,
828 644 905 728 quid
933 643 1117 709 faciendum
1145 645 1240 709 noln's
1265 644 1318 709 sit.
1355 644 1475 728 quoda

206 753 328 818 existimas
350 775 458 819 meam
482 774 613 818 causam
636 752 844 817 coniunctam
868 772 938 815 esse
962 773 1035 816 cum
1058 755 1128 835 tua,
1156 755 1243 816 certe
1267 750 1384 815 similis
1407 751 1441 814 in

205 862 304 943 utroque
325 864 490 946 nostrum,
518 882 592 925 cum
620 859 743 943 optime
767 858 976 935 sentiremus,
1004 878 1094 921 error
1121 858 1198 922 fuit:
1227 881 1304 922 nam
1332 858 1442 923 omnia

187 965 331 1050 sumusque
349 967 487 1032 consilia
505 967 546 1031 ad
565 964 770 1031 concordiam
790 967 1029 1048 spectaverunt,
1052 986 1115 1048 qua
1134 987 1207 1030 cum
1226 965 1290 1049 ipsi
1309 962 1441 1030 Caesari

206 1070 261 1135 nihil
279 1077 354 1138 esset
376 1073 501 1158 utilius,
523 1074 665 1159 gratiam
684 1093 811 1157 quoque
831 1091 891 1134 nos
915 1070 996 1134 inire
1020 1071 1061 1135 ab
1085 1093 1122 1136 eo
1147 1071 1345 1136 defendenda
1362 1093 1441 1156 pace

206 1176 419 1264 arbitrabamur;
442 1184 599 1263 quantum
618 1200 679 1243 nos
698 1178 851 1243 fefellerit
875 1180 908 1240 et
932 1199 1027 1260 quem
1051 1177 1085 1241 in
1107 1178 1215 1243 locum
1234 1200 1285 1242 res
1305 1178 1443 1242 deducta

206 1284 244 1366 sit,
264 1286 347 1352 rides.
382 1308 487 1370 neque
516 1287 621 1351 solum
646 1308 685 1350 ea
707 1284 879 1370 perspicis,
908 1306 990 1367 quae
1018 1288 1175 1369 geruntur
1204 1306 1348 1369 quaeque
1376 1285 1442 1349 iam

205 1396 268 1474 gesta
288 1398 373 1477 sunt,
406 1394 462 1458 sed
496 1393 596 1458 etiam
624 1393 680 1476 qui
710 1414 822 1456 cursus
855 1412 977 1474 rerum,
1010 1391 1065 1474 qui
1094 1391 1199 1456 exitus
1228 1392 1358 1456 futurus
1386 1391 1442 1455 sit:

180 1519 257 1582 aergo
274 1504 322 1564 aut
344 1500 484 1585 probare
508 1504 641 1585 oportet
664 1522 710 1584 ea,
733 1521 816 1583 quae
839 1499 931 1581 fiunt,
957 1501 1014 1562 aut
1036 1497 1203 1582 interesse,
1226 1498 1354 1562 etiamsi
1377 1520 1443 1563 non

204 1605 298 1691 probem
328 1600 468 1692 quoruni
495 1606 599 1671 altera
630 1605 710 1670 mihi
740 1605 860 1689 turpis,
893 1605 996 1669 altera
1024 1605 1123 1668 ctiam
1150 1605 1331 1688 periculosa
1358 1606 1443 1669 ratio

203 1709 302 1777 ridetur.
336 1717 449 1798 restat,
472 1717 511 1778 ut
533 1713 761 1778 discedendum
784 1716 910 1797 putem,
933 1712 967 1775 in
991 1734 1054 1796 quo
1078 1711 1204 1795 reliqua
1222 1712 1351 1777 videtur
1373 1728 1479 1777 essee

203 1814 367 1905 deliberatio,
386 1822 473 1904 quod
489 1820 661 1885 consilium
680 1820 714 1884 in
733 1820 886 1903 discessu,
905 1840 986 1902 quae
1006 1819 1078 1883 loca
1096 1839 1277 1901 sequamur.
1311 1821 1443 1885 omniuo

203 1942 253 1987 uum
270 1927 412 1992 miserior
433 1948 485 1992 res
505 1947 684 2011 numquam
703 1926 829 2010 accidit,
852 1929 921 1989 tum
941 1924 1192 2018 nedeliberatio
1213 1926 1343 2009 quidem
1362 1926 1443 1990 diffi-

177 2027 278 2116 audior,
301 2033 383 2098 nihil
412 2034 499 2098 enim
527 2033 682 2098 constitui
706 2037 831 2116 potest,
859 2033 944 2115 quod
972 2052 1038 2095 non
1066 2032 1210 2096 incurrat
1234 2032 1268 2096 in
1291 2054 1443 2119 magnam

143 2184 147 2191 .
199 2133 308 2219 aliquam
341 2139 579 2205 difficultatem.
621 2144 670 2222 tu,
703 2139 731 2203 si
759 2138 936 2222 videbitur,
970 2139 1016 2202 ita
1044 2160 1159 2204 censeo
1187 2138 1300 2223 facias,
1332 2143 1382 2224 ut,
1415 2141 1443 2204 si

197 2236 273 2309 habes
292 2247 353 2310 iam
377 2250 549 2331 statutum,
572 2245 648 2330 quid
672 2245 733 2309 tibi
757 2245 918 2330 agendum
941 2248 1046 2330 putes,
1069 2245 1104 2309 in
1127 2267 1191 2329 quo
1214 2268 1281 2311 uon
1304 2247 1348 2310 sit
1371 2268 1444 2311 cou-
1557 2329 1559 2333 ι

194 2343 312 2417 iunctum
335 2353 507 2418 consilium
531 2357 624 2417 tuum
647 2374 721 2417 cum
746 2374 827 2435 meo,
851 2352 1060 2450 supersedeas
1083 2352 1146 2416 hoc
1168 2351 1280 2417 labore
1304 2353 1444 2438 itineris,

124 2476 127 2513 ι
193 2449 237 2516 Sin
254 2463 348 2524 autem
371 2464 436 2544 est,
465 2458 551 2544 quod
579 2480 706 2524 mecum
734 2458 972 2523 communicare
996 2458 1089 2541 velis,
1117 2480 1178 2544 ego
1201 2464 1233 2523 te
1258 2461 1444 2544 expectabo,

163 2557 237 2639 llll,
257 2567 330 2647 quod
354 2570 412 2631 tuo
435 2566 606 2631 commodo
629 2565 703 2650 fiat,
731 2565 993 2649 quamprimum
1017 2565 1115 2628 velim
1139 2565 1263 2650 venias,
1290 2567 1376 2631 sicut
1399 2567 1444 2630 in·

188 2662 283 2734 tellexi
303 2678 335 2737 et
359 2671 472 2738 Servio
495 2677 530 2737 et
552 2672 740 2738 Postumiae
764 2672 900 2757 plaeere.
938 2672 1017 2737 vale.

707 2885 764 2950 m.
799 2882 903 2972 (232.)

454 3027 498 3094 u.
522 3026 683 3095 cranao
708 3026 739 3093 a.
764 3027 802 3092 o.
827 3026 920 3093 sna.
945 3025 1155 3093 svumoro.

201 3253 212 3265 ἱ
264 3165 474 3235 Vehementer
496 3174 529 3235 te
553 3193 623 3236 esse
647 3170 824 3236 sollicitum
844 3174 877 3234 et
896 3171 929 3234 in
948 3170 1175 3235 communibus
1199 3171 1338 3236 miseriis
1357 3189 1477 3256 prael

138 3262 158 3299 ²⁵
171 3266 269 3348 e·¹l)uo
293 3276 432 3360 quodam
465 3277 575 3342 dolore
608 3277 685 3363 angi
718 3277 815 3341 multi
848 3275 888 3340 ad
920 3299 980 3341 nos
1013 3277 1130 3342 cotidie
1164 3277 1326 3362 defcnmt3
1359 3279 1444 3362 quod

169 3372 364 3466 quenquam
397 3383 530 3448 minime
563 3384 664 3449 miror
691 3387 724 3447 et
752 3405 859 3447 meum
892 3384 1130 3466 quodammodo
1162 3404 1318 3469 agnosco,
1350 3384 1444 3449 doleo

169 3461 281 3552 t‘tram
300 3495 332 3555 te
357 3491 518 3574 sapientia
536 3490 721 3574 praeditum
739 3512 840 3575 prope
864 3490 1023 3575 singulari
1046 3512 1112 3555 non
1135 3491 1201 3585 tuis
1225 3491 1320 3555 bonis
1344 3491 1444 3556 delec-

169 3567 245 3654 tari
261 3595 364 3677 potius
393 3619 491 3681 quam
519 3595 633 3661 alienis
661 3596 756 3661 malis
784 3596 941 3661 laborare.
984 3619 1035 3660 me
1064 3597 1206 3681 quidem,
1234 3597 1296 3661 etsi
1324 3596 1444 3660 nemini

172 3695 321 3787 floraco,
349 3703 407 3789 qui
434 3703 590 3768 maiorem
614 3725 652 3767 ex
675 3702 816 3786 pernicie
840 3707 873 3768 et
896 3708 986 3787 peste
1010 3703 1057 3767 rei
1084 3704 1233 3787 publicae
1261 3703 1444 3767 molestiam
1531 3695 1540 3709 '

131 3794 159 3838 ω
179 3788 321 3892 traxerit,
344 3813 456 3874 tamen
477 3810 582 3874 multa
605 3809 671 3873 iam
695 3809 904 3874 consolantur
927 3808 1129 3893 maximeque
1152 3809 1351 3875 conscientia
1373 3831 1445 3874 cou-

183 3902 317 3980 ⁸lliorum
348 3937 509 4001 meorum3
541 3916 645 3981 multo
678 3916 765 3979 enim
796 3920 872 3979 ante
905 3919 1072 3999 tamquam
1104 3939 1142 3980 cx
1173 3916 1282 4002 aliqua
1313 3915 1446 4000 specula

189 4022 318 4104 prospexi
350 4026 580 4107 tempestatem
610 4021 767 4103 futuram,
799 4043 904 4103 neque
933 4021 965 4085 id
995 4022 1099 4086 solum
1128 4045 1200 4087 mea
1228 4025 1356 4105 sponte,
1389 4022 1445 4085 sed
1500 4085 1505 4095 ,

195 4123 275 4192 uua
305 4129 405 4193 etiam
442 4129 548 4215 magis
585 4130 736 4192 monente
769 4131 803 4190 et
834 4126 1044 4191 denuntiante
1077 4133 1125 4213 te,
1165 4128 1227 4193 etsi
1260 4128 1345 4192 enim
1379 4127 1445 4191 afui

199 4239 381 4263 *Qu—⁸...-

261 4325 282 4374 ὁ.
300 4322 369 4393 qna]
389 4338 474 4390 quam
493 4324 519 4375 a
537 4324 546 4390 ΙΙ
563 4338 627 4378 cum
646 4337 680 4374 ea
698 4336 765 4386 qum
784 4317 828 4371 Μ1
843 4322 852 4387 ΙΙ
871 4324 894 4372 6.
915 4336 975 4373 esse
996 4321 1044 4390 Gll
1058 4321 1152 4390 gratia
1170 4322 1228 4376 MG
1243 4324 1253 4389 ΙΙ
1267 4321 1382 4375 defensa
1400 4321 1447 4392 nl.

199 4384 213 4435 l·
227 4390 388 4446 arbitramur·
402 4394 428 4448 G
441 4395 451 4462 fl
465 4393 551 4448 ducta
566 4395 591 4448 G
606 4394 615 4459 ss
629 4398 652 4444 9.
670 4397 710 4444 10.
731 4389 768 4443 sit
787 4406 853 4459 ergo
873 4392 912 4458 G,
932 4390 1054 4461 siterogo
1074 4393 1119 4460 M,
1140 4392 1177 4446 sit
1195 4409 1247 4463 ego
1266 4392 1294 4447 R
1317 4396 1326 4461 ll
1352 4399 1391 4446 10.
1412 4410 1446 4446 ea

195 4470 229 4537 θῇ.
244 4462 268 4516 R
284 4467 293 4531 l
315 4470 355 4518 11,
375 4465 506 4535 qnorum]
525 4481 644 4533 quanmi
662 4463 714 4514 olii
731 4464 741 4530 ΙΙ
760 4466 800 4514 12.
821 4477 881 4514 esse
901 4479 950 4516 oro.
972 4464 997 4517 G
1015 4467 1024 4531 ΙΙ
1045 4468 1084 4516 14.
1104 4463 1232 4517 miserior
1249 4480 1293 4517 res
1312 4482 1346 4517 ea
1364 4464 1446 4517 mise·

124 4542 126 4579 :
191 4545 257 4585 nores
274 4538 324 4603 (ilo
343 4536 379 4604 G)
401 4537 434 4589 M
440 4535 495 4591 ¹13¹
508 4538 517 4604 ΙΙ
531 4536 604 4606 tum]
623 4537 690 4588 tuno
708 4535 735 4585 a
752 4534 762 4601 l
784 4536 824 4584 17.
844 4535 950 4586 statum
970 4534 1006 4585 M
1020 4538 1030 4602 Η
1048 4541 1088 4587 23.
1110 4537 1312 4602 inscriptionem
1331 4554 1380 4589 om.
1400 4536 1446 4603 RQ]

124 4602 128 4661 l
189 4603 282 4658 aemilio
301 4606 363 4662 ΜΘ
376 4609 392 4732 l
407 4606 525 4676 sulpicio
544 4625 578 4662 ea
597 4602 719 4673 suspicio
739 4602 788 4655 M⁰
806 4605 815 4671 ΙΙ
833 4608 875 4656 27,
891 4609 933 4656 28.
954 4604 1094 4657 delectare
1113 4605 1148 4657 M
1164 4608 1232 4671 1128.
1252 4604 1382 4658 laborare
1401 4621 1445 4657 mc

184 4673 282 4741 quidem
301 4679 358 4745 Μῐ,
393 4678 540 4732 aborarem
563 4678 693 4748 equidem
712 4674 766 4741 211¹,
791 4673 920 4728 laborare
943 4674 1072 4743 equidem
1093 4675 1148 4729 GR
1165 4679 1174 4744 ΙΙ
1193 4681 1234 4728 30.
1255 4675 1312 4728 iam
1332 4676 1377 4742 M,
1401 4692 1446 4728 me

181 4747 229 4800 iam
247 4749 300 4802 GR
322 4752 331 4817 ΙΙ
354 4749 516 4804 consolatur
536 4751 561 4805 G
584 4753 593 4819 ss
616 4756 657 4803 32.
682 4745 813 4815 prospexi
836 4745 975 4815 (perspexi
994 4746 1033 4814 R)
1052 4753 1115 4815 post
1135 4749 1200 4799 ante
1224 4749 1289 4814 (31.)
1312 4748 1446 4801 collocant

180 4817 228 4874 GR
240 4822 250 4887 l
263 4824 304 4873 33.
323 4824 425 4890 tc-p.
441 4826 483 4890 78,
499 4827 513 4873 1
532 4826 642 4890 partem
661 4835 712 4876 om.
732 4816 771 4873 G¹
