3286 5460
484 361 742 417 nrlsTvuARvn
760 362 806 418 lx.
828 367 869 418 17.
891 368 993 418 18.19.
1315 363 1378 427 231

98 528 245 613 quaeris3
269 526 330 592 etsi
355 549 409 592 sus
434 525 622 592 Minervam.
662 528 747 608 tsed
771 527 933 611 quomodo
958 527 1062 612 video,
1084 526 1112 591 si
1136 527 1379 592 aestimationes
1399 543 1415 590 4

99 641 176 701 tuas
200 635 337 700 rendere
364 656 431 698 non
457 637 551 717 potes
578 656 683 717 neque
711 634 811 700 ollam
833 633 1040 699 denariorum
1063 633 1212 718 implere,
1239 633 1379 699 Romam

100 742 164 807 tibi
192 741 435 826 remigrandum
463 746 527 805 est:
560 740 663 805 satius
691 744 742 804 est
769 741 823 805 hic
852 741 1026 823 cruditate,
1058 762 1156 824 quam
1183 740 1259 805 istic
1285 740 1379 805 fame.

101 848 195 913 video
218 853 252 913 te
275 848 362 913 bona
384 847 577 932 perdidisse,
605 869 700 930 spero
729 847 815 911 idem
843 847 928 913 istuc
956 846 1127 911 familiaris
1152 851 1240 912 tuos:
1269 852 1379 912 actum

68 955 204 1041 sigitur
231 955 269 1020 de
297 959 329 1019 te
358 958 423 1040 est,
449 953 514 1018 nisi
540 953 700 1039 provides.
744 957 839 1039 potes
868 953 957 1018 mulo
985 954 1065 1037 isto,
1093 975 1189 1038 quem
1216 953 1279 1018 tibi
1307 953 1379 1018 reli·

101 1084 202 1146 quum
225 1061 306 1127 dicis
330 1083 413 1146 esse,
444 1061 598 1145 quoniam
626 1059 829 1125 cantherium
858 1059 1042 1142 comedisti,
1069 1060 1209 1125 Romam
1237 1059 1378 1143 pervehi.

101 1169 181 1234 sella
209 1168 270 1232 tibi
298 1167 361 1233 erit
383 1167 418 1232 in
441 1167 516 1231 ludo
545 1172 713 1250 tamquam
740 1166 993 1251 hypodidascalo
1021 1167 1182 1252 proxima3
1211 1188 1282 1231 eam
1310 1167 1378 1250 pul-

100 1275 195 1341 vinus
218 1277 380 1360 sequetur.

626 1450 713 1516 mx.
746 1448 850 1538 (219.)

60 1637 87 1676 10
363 1610 525 1679 cronno
551 1610 583 1677 c.
606 1612 645 1678 u.
669 1611 720 1697 [a.
743 1611 937 1696 surmio]
961 1610 1116 1677 PAETO.

190 1756 312 1821 Tamen
335 1779 355 1821 a
378 1755 504 1820 malitia
526 1777 593 1820 non
619 1755 771 1819 discedis:
801 1754 982 1820 ‘tenuiculo
1006 1753 1181 1839 apparatu'
1211 1754 1377 1840 significas
1399 1771 1411 1820 1

101 1863 242 1928 Balbum
265 1863 366 1929 fuisse
390 1866 588 1929 contentum.
633 1848 695 1926 hoc
718 1862 837 1926 videris
860 1862 981 1945 dicere,
1005 1884 1078 1926 oum
1102 1883 1195 1947 reges
1219 1866 1288 1925 tam
1311 1862 1378 1926 sint

102 1970 318 2050 continentes,
351 1970 454 2035 multo
483 1969 587 2054 magis
617 1969 796 2034 consularis
825 1991 893 2033 esse
922 1972 1082 2053 oportere.
1127 1967 1232 2032 nescis
1260 1989 1311 2031 me
1335 1970 1376 2032 ab

102 2076 159 2141 illo
183 2077 293 2141 omnia
315 2077 530 2161 expiscatum3
553 2080 643 2141 recta
665 2076 751 2139 enim
775 2099 794 2139 a
816 2080 913 2161 porta
936 2076 1068 2140 domum
1091 2097 1197 2140 meam
1220 2074 1376 2159 †venisse

65 2204 204 2268 nneque
227 2183 290 2248 hoc
313 2183 464 2268 admiror,
488 2182 574 2267 quod
597 2204 663 2247 non
686 2204 778 2247 suam
801 2182 921 2266 potius,
945 2182 1000 2246 sed
1023 2181 1113 2265 illud,
1137 2182 1223 2265 quod
1246 2203 1312 2245 non
1335 2182 1374 2246 ad
1416 2245 1430 2268 0

101 2311 206 2374 suam,
234 2311 295 2376 ego
323 2295 432 2356 autem
460 2291 566 2354 tribus
594 2287 708 2373 primis
736 2289 857 2353 verbis:
890 2287 984 2372 ‘quid
1011 2292 1123 2353 noster
1150 2287 1308 2352 Paetus?'
1340 2293 1375 2352 at

101 2396 155 2462 ille
183 2396 347 2480 adiurans,
374 2418 535 2481 nusquam
563 2417 597 2460 se
626 2418 780 2480 umquam
807 2395 972 2460 libentius.
1019 2395 1080 2460 hoc
1104 2396 1131 2459 si
1155 2393 1263 2459 verbis
1287 2396 1409 2460 adse-a

101 2506 194 2567 cutus
227 2524 278 2587 es,
309 2504 397 2568 auris
427 2505 468 2568 ad
498 2507 530 2567 te
561 2502 705 2567 adferam
738 2524 804 2566 non
836 2502 942 2566 minus
975 2502 1150 2588 elegantis,
1183 2502 1233 2566 sin
1265 2507 1374 2566 autem

100 2610 245 2695 opsonio,
268 2614 345 2693 peto
368 2632 388 2674 a
411 2616 453 2694 te,
475 2632 515 2674 ne
538 2608 641 2693 pluris
665 2630 734 2673 esse
758 2608 873 2673 balbos
898 2631 995 2692 quam
1017 2609 1157 2672 disertos
1180 2612 1284 2692 putes.
1322 2632 1373 2673 me

64 2715 218 2782 ncotidie
251 2716 339 2781 aliud
370 2739 410 2781 ex
439 2716 503 2781 alio
536 2715 688 2801 impedit,
721 2715 791 2799 sed,
824 2716 852 2780 si
880 2738 931 2780 mc
959 2714 1146 2800 expediero,
1177 2719 1215 2780 ut
1246 2715 1277 2778 in
1308 2715 1374 2779 ista

98 2823 170 2888 loca
197 2823 305 2888 venire
332 2824 470 2908 possim,
502 2844 567 2888 non
598 2821 816 2906 committam,
849 2827 886 2888 ut
914 2825 946 2886 te
975 2844 1046 2886 sero
1075 2844 1094 2886 a
1121 2844 1172 2885 me
1201 2821 1371 2885 certiorem

97 2930 220 2996 factum
241 2935 347 3016 putes.

98 3130 187 3180 tamen
200 3124 293 3193 placat
311 3123 407 3178 Bootii
424 3122 502 3191 (‘obs.
522 3123 594 3177 crit’
611 3140 641 3192 p.
657 3125 702 3191 20)
721 3124 890 3177 concedano:
913 3121 990 3176 disce
1009 3139 1027 3176 a
1044 3138 1090 3176 mo
1107 3121 1278 3193 προηγμένα,
1298 3139 1371 3194 qnae

99 3194 209 3264 qnaeris
236 3196 245 3264 [1
274 3199 297 3249 1.
318 3193 368 3247 sed
387 3193 526 3262 quomodo
544 3192 627 3247 uideo
647 3193 671 3246 si
690 3192 901 3247 aestimationes
920 3194 966 3261 Μ,
990 3201 1016 3248 et
1034 3194 1063 3246 D
1081 3195 1127 3247 sed
1145 3195 1241 3249 ambro
1260 3194 1292 3249 si.
1321 3194 1371 3250 scd

99 3266 249 3334 quomodo,
268 3264 373 3319 videro.
402 3264 426 3318 si
445 3267 513 3319 aest.
534 3265 653 3335 Beapel,
672 3265 720 3318 sed
739 3264 884 3333 quoniam,
904 3267 937 3318 ut
954 3263 1048 3331 video,
1069 3267 1138 3318 aest.
1160 3265 1251 3320 Orelli.
1280 3284 1319 3321 aa
1337 3265 1370 3334 si,

99 3337 235 3405 quomodo
262 3335 359 3403 video,
387 3337 474 3391 aest?
506 3337 609 3403 confert
637 3336 760 3391 Sclimala
783 3336 837 3390 Cic.
866 3354 892 3404 p.
916 3336 996 3390 Rosc.
1022 3337 1083 3390 Am.
1109 3340 1145 3390 7:
1176 3336 1244 3406 ‘ego
1273 3340 1371 3391 contra

99 3407 209 3462 brevem
228 3405 448 3477 postulationem
471 3406 567 3461 adfero
591 3409 632 3474 et,
658 3407 798 3475 quomodo
820 3406 891 3459 mihi
913 3407 1082 3476 persuadeo,
1105 3405 1251 3474 aliquanto
1274 3408 1370 3476 aequi-

99 3480 192 3533 orem’.
221 3480 257 3544 cs.
276 3495 342 3533 aaa.
357 3478 427 3546 phil.
447 3483 513 3530 1891
533 3497 561 3547 p.
577 3483 629 3530 339
651 3481 661 3546 ΙΙ
684 3483 708 3532 3.
727 3477 947 3548 remigrandum]
967 3476 1160 3546 remigandum
1179 3479 1225 3546 M,
1245 3495 1369 3532 remean-

99 3549 163 3604 dum
182 3550 212 3605 D
237 3551 247 3618 ΙΙ
274 3556 298 3604 4.
318 3549 393 3603 idem
415 3548 490 3602 istuc
524 3548 593 3603 item
616 3548 681 3602 istic
705 3549 816 3615 Orellil,
839 3551 976 3603 inutiliter
997 3551 1006 3617 ΙΙ
1029 3549 1134 3618 actum]
1159 3548 1265 3602 sactum
1284 3551 1348 3604 MD
1368 3551 1370 3620 l

101 3625 139 3677 10.
157 3621 186 3675 L.
206 3619 320 3690 Papirio
339 3637 390 3675 ora.
408 3620 467 3674 iad.
521 3620 555 3673 H
573 3623 583 3689 ll
608 3625 647 3674 11.
667 3621 775 3690 tamen]
799 3622 833 3686 cs.
853 3621 925 3674 Boot
943 3621 980 3674 ad
1000 3619 1054 3674 Cic.
1074 3620 1111 3673 ad
1129 3621 1187 3674 Aa.
1207 3619 1266 3687 XII,
1286 3627 1310 3689 9,
1332 3629 1344 3673 1
1368 3624 1370 3687 ξ

100 3693 189 3748 sind.
209 3691 282 3760 ΜΗ,
301 3709 351 3746 om.
373 3693 432 3759 ΨΙ]
455 3689 576 3744 discedis
595 3691 726 3746 tenuculo
745 3692 790 3757 M,
811 3690 966 3745 discedisti‘
987 3690 1089 3744 nnculo
1108 3690 1147 3756 H,
1167 3689 1369 3746 discedistonu·

99 3763 159 3818 culo
177 3764 231 3832 12¹,
250 3764 282 3819 in
300 3780 351 3834 ma.
373 3763 433 3817 D²=
459 3761 584 3816 discedes
603 3761 735 3816 tonuoulo
753 3765 762 3830 ΙΙ
781 3761 903 3831 sigifioas
922 3763 959 3816 M
978 3765 987 3830 11
1011 3767 1051 3815 14.
1071 3760 1193 3832 venisse]
1213 3762 1292 3816 venit
1310 3781 1326 3823 ς
1344 3771 1370 3820 et

99 3836 202 3902 Scbt'itz,
220 3836 292 3890 berre.
311 3833 390 3889 venit
405 3865 436 3873 -
452 3833 502 3888 scd
520 3834 571 3903 (acl
586 3832 650 3901 etsi)
666 3832 777 3905 <neque
791 3832 821 3886 id
835 3832 941 3903 glorior
953 3835 1005 3902 (rel
1018 3834 1108 3901 siml>
1127 3848 1217 3900 neque
1236 3833 1288 3888 hoc
1299 3879 1367 3891 .....

99 3905 133 3958 ad
163 3921 242 3958 suam
272 3930 322 3974 -;
355 3922 406 3976 ego
434 3906 601 3975 Wesenberp.
644 3923 697 3974 pra
725 3921 804 3958 suam
837 3905 884 3974 (vs.
909 3908 953 3972 16)
989 3905 1098 3972 scripsit
1122 3905 1254 3961 Benedici
1288 3924 1368 3960 snum

99 3977 125 4043 (i.
143 3994 164 4032 e.
184 3976 343 4045 Gaesarem).
376 3977 498 4046 equidem
524 3977 589 4031 baec
614 3978 655 4031 ita
677 3979 848 4046 scripserim:
876 3975 989 4029 domum
1013 3991 1105 4028 meam
1130 3974 1258 4029 venit-
1278 3994 1368 4046 neque

99 4045 149 4100 hoc
167 4046 297 4114 admiror,
316 4047 390 4115 quod
410 4064 465 4100 non
484 4064 564 4100 suam
582 4047 685 4116 potins,
705 4047 753 4100 sed
771 4046 853 4115 illud,
872 4048 946 4116 quod
965 4064 1020 4101 non
1039 4048 1071 4099 ut
1090 4048 1155 4114 (pro
1168 4047 1216 4116 ad)
1231 4064 1311 4102 suam
1327 4081 1367 4117 —‚

99 4133 148 4187 ego
167 4121 261 4172 autem
279 4125 326 4174 oct.
351 4135 405 4173 nan
423 4120 472 4173 hoc
490 4136 549 4173 sam
567 4121 692 4183 miratus,
710 4121 759 4185 ait,
779 4121 850 4188 arcad
864 4121 970 4174 Balbus
988 4136 1073 4173 meam
1089 4120 1277 4188 potiusquam
1290 4137 1369 4175 suam

99 4189 203 4244 domum
224 4191 317 4244 atatim
336 4192 430 4259 petiit,
452 4191 497 4244 sed
520 4190 606 4258 illud,
628 4192 700 4260 qaod
722 4207 778 4244 aaa
796 4192 837 4245 lta
855 4192 892 4245 ad
910 4208 995 4245 aream
1018 4192 1103 4255 venit,
1127 4192 1206 4258 quasi
1224 4208 1276 4245 aaa
1292 4192 1369 4258 facta

99 4267 167 4315 aaa.
200 4263 355 4330 caniparari
378 4268 493 4329 poscant
516 4262 569 4315 loci
588 4293 619 4300 —
640 4263 687 4331 qui
710 4267 800 4316 tomen
828 4263 983 4316 acerbitatis
1010 4261 1081 4314 nibil
1107 4261 1205 4316 babeat
1225 4294 1255 4300 —
1276 4264 1369 4332 quales

99 4338 160 4386 auat
176 4331 249 4399 XIII,
268 4337 311 4398 69,
331 4337 364 4386 1:
395 4331 549 4400 ‘(consuevi
568 4332 661 4401 huius)
681 4331 763 4385 domo
783 4334 812 4385 et
829 4350 858 4386 re
877 4332 920 4385 nti
938 4335 1083 4399 tamquam
1102 4333 1186 4399 mea’,
1205 4335 1237 4388 de
1256 4335 1300 4401 off.
1321 4333 1367 4402 Ill,

100 4406 139 4469 14,
158 4408 208 4457 58:
234 4401 334 4456 ‘licere
352 4402 395 4456 uti
413 4402 523 4473 (hortis)
541 4402 642 4471 Canio,
661 4403 687 4457 si
705 4403 802 4471 vellet,
823 4407 854 4458 ut
873 4404 952 4471 suis',
980 4405 1072 4457 Plaat.
1093 4403 1174 4458 Most.
1194 4410 1262 4460 800:
1288 4406 1367 4474 ‘qua-

99 4469 175 4527 lnbet
190 4473 356 4554 perambula
379 4474 457 4527 aedis
481 4473 584 4543 oppido
607 4478 752 4544 tamqnam
771 4478 850 4528 tuas’
876 4476 911 4529 al.
939 4476 972 4541 cs.
992 4491 1057 4527 anri.
1074 4475 1142 4542 phil.
1164 4480 1229 4528 1891
1248 4496 1276 4546 p.
1293 4476 1361 4541 340}

100 4547 138 4598 16,
160 4544 251 4598 tribus
277 4543 375 4613 primis
398 4545 444 4612 M,
472 4545 570 4614 primis
598 4545 688 4600 tribus
712 4546 780 4600 HD.
813 4548 848 4613 cs.
874 4546 936 4600 Otto
964 4545 1109 4613 ‘specta
1128 4546 1154 4598 d.
1174 4547 1225 4601 Β)
1247 4566 1277 4616 p.
1293 4553 1344 4600 366

100 4619 137 4669 17.
156 4615 282 4669 atiurans
305 4615 343 4668 M
364 4617 374 4684 ΙΙ
400 4633 534 4684 nmquam
557 4617 630 4685 HD,
654 4634 718 4671 eum
740 4634 825 4686 quam
848 4618 885 4671 M
907 4619 917 4684 ΙΙ
946 4622 986 4670 19.
1011 4615 1144 4669 dissertas
1164 4617 1201 4670 M
1224 4620 1233 4687 ΙΙ
1260 4624 1302 4673 90.
1322 4637 1366 4674 me

100 4701 155 4756 axp.
175 4687 216 4756 M,
235 4703 296 4756 exp.
316 4703 359 4740 me
377 4685 439 4740 HD
709 4694 714 4703 '
