3314 5460
213 187 278 251 290
666 187 703 243 Μ.
723 189 830 243 TVLLI
848 186 1037 244 CICERONIS

213 351 253 414 ad
286 349 380 415 Vada
410 351 513 435 venit,
546 374 642 436 quem
674 352 783 418 locum
814 353 889 418 volo
922 354 984 418 tibi
1017 375 1088 418 esse
1119 357 1251 418 notum:
1286 354 1378 419 iacet
1410 355 1526 420 inter:

177 474 193 522 3
213 458 444 543 Appenninum
468 463 502 523 et
524 458 634 543 Alpes,
657 458 927 543 impeditissimus
951 460 991 524 ad
1014 459 1079 524 iter
1100 459 1294 526 faciendum.
1342 484 1422 527 cum
1444 462 1526 526 ab-

213 587 317 630 essem
342 565 383 630 ab
407 586 444 630 eo
470 564 560 629 milia
583 587 738 650 passuum
756 586 828 631 xxx
852 571 886 631 et
908 589 942 632 se
969 566 1037 631 ianr
1055 565 1228 632 Ventidius
1258 568 1526 654 coniunxisset=

212 673 321 737 contio
345 671 414 736 eius
437 673 479 736 ad
502 694 554 735 nre
577 677 628 736 est
651 672 766 759 allata,
788 674 823 737 in
847 697 912 759 qua
938 678 1049 757 petere
1078 673 1186 763 coepit
1209 696 1229 738 a
1252 674 1439 761 militibus,
1462 681 1526 742 ut:

211 801 245 843 se
272 783 363 844 trans
392 779 493 864 Alpes
521 784 748 866 sequerentur,
775 780 839 844 sibi
867 802 941 845 cum
969 779 1013 844 M.
1035 777 1159 865 Lepido
1189 782 1375 847 convenire.
1426 805 1526 849 suc—

210 887 388 959 clamatum
417 890 533 951 est-
557 890 591 950 et
618 885 806 972 frequenter
833 909 853 951 a
881 886 1042 952 militibus
1066 885 1285 973 Ventidianis,
1309 912 1393 954 nam
1422 912 1526 960 suos

208 993 302 1058 valde
326 1015 425 1078 quam
448 1015 571 1078 paucos
594 992 695 1057 habet
712 1030 761 1079 -,
785 993 849 1058 sibi
872 997 929 1058 aut
952 993 987 1057 in
1005 992 1103 1057 Italia
1120 996 1325 1078 pereundum
1344 1018 1423 1062 esse
1443 1003 1526 1069 aui

208 1100 416 1185 vincendum,
444 1104 478 1165 et
506 1121 599 1165 orare
627 1105 818 1186 coeperunt,
839 1105 878 1165 ut
900 1099 1099 1165 Pollentiam
1126 1101 1189 1166 iter
1215 1101 1374 1168 facerent.
1425 1126 1526 1176 curm

209 1207 370 1272 sustinere
404 1229 459 1271 eos
490 1228 558 1272 non
587 1207 777 1291 posset,'in
808 1212 977 1292 posterum
1009 1207 1095 1271 diem
1124 1207 1188 1273 iter
1215 1231 1313 1273 suum
1342 1211 1526 1286 contulit:

173 1313 270 1380 abac
293 1336 328 1380 re
351 1312 433 1378 mihi
455 1313 607 1379 nuntiata
630 1315 744 1378 statim
769 1315 912 1400 quinque
937 1314 1088 1379 cohortes
1112 1313 1312 1381 Pollentiam
1335 1319 1517 1400 praemiat

208 1443 380 1505 meumque
403 1420 467 1485 iter
489 1443 527 1485 eo
551 1421 690 1486 contuli:
716 1420 799 1487 hora
827 1427 902 1487 ante
930 1421 1131 1506 praesidium
1158 1444 1266 1487 meum
1290 1421 1526 1508 Pollentiam

207 1528 298 1593 venit
326 1549 423 1612 quam
451 1526 632 1592 Trebellius
665 1551 738 1593 cum
771 1528 947 1614 equitibus.
993 1550 1071 1593 sane
1103 1551 1201 1614 quam
1234 1552 1310 1595 sum
1342 1532 1515 1616 gavisus

205 1633 240 1698 in
263 1634 326 1699 hoc
349 1634 435 1699 enim
459 1633 630 1735 victoriam
652 1641 734 1721 puto
758 1637 945 1702 consistere.
969 1633 988 1675 *
1011 1633 1031 1675 *
1053 1633 1073 1675 *
1095 1634 1115 1674 *

725 1868 829 1934 xnn
865 1868 970 1956 (418.)

294 2027 313 2070 *
335 2028 355 2070 *
378 2026 397 2069 *
419 2026 438 2069 *
456 2029 491 2093 in
510 2051 601 2114 spem
620 2033 785 2112 venerant,
806 2029 893 2114 quod
910 2050 1015 2113 neque
1030 2028 1144 2095 Planci
1163 2035 1323 2114 quattuor
1341 2030 1478 2118 legiones

205 2138 357 2203 omnibus
381 2137 449 2202 suis
473 2136 576 2220 copiis
600 2158 694 2220 pares
718 2135 964 2202 arbitrabantur
986 2157 1090 2220 neque
1119 2159 1159 2202 ex
1180 2136 1281 2202 Italia
1309 2143 1380 2203 tam
1408 2141 1472 2205 cele

205 2245 286 2309 riter
310 2244 490 2310 exercitum
513 2243 609 2308 traici
631 2265 728 2329 posse
752 2243 935 2308 credebant.
977 2265 1058 2327 quos
1081 2243 1146 2329 ipsi
1170 2243 1275 2310 adhuc
1300 2246 1383 2310 satis
1405 2247 1473 2330 †ab

204 2356 361 2439 roganter
392 2351 590 2437 Allobroges
623 2352 866 2436 equitatusque,
900 2350 1006 2415 omnis
1034 2350 1089 2434 qui
1117 2372 1156 2416 eo
1183 2352 1385 2436 praemissus
1415 2358 1474 2417 erat

203 2481 223 2524 a
244 2459 351 2545 nobis,
374 2459 590 2543 sustinebant,
608 2463 786 2544 nostroque
806 2458 947 2523 adventu
970 2456 1125 2522 sustineri
1143 2457 1274 2524 facilius
1296 2481 1394 2544 posse
1412 2481 1477 2525 oon·

203 2567 342 2633 fidimus.
387 2571 508 2651 tamen,
530 2566 559 2630 si
583 2588 647 2650 quo
671 2567 771 2631 etiam
795 2588 873 2631 casu
895 2564 1021 2629 Isaram
1044 2586 1078 2629 se
1102 2564 1305 2650 traiecerint,
1327 2588 1369 2631 ne
1398 2567 1526 2652 quodie

167 2673 435 2739 odetrimentum
459 2673 507 2738 rei
530 2696 560 2758 p.
583 2673 771 2759 iniungant,
793 2695 921 2738 summa
949 2695 968 2736 a
994 2671 1092 2737 nobis
1115 2671 1247 2738 dabitur
1271 2694 1380 2757 opera
1424 2695 1479 2739 vos

202 2803 358 2867 magnum
382 2781 527 2846 animum
550 2781 773 2864 optimamque
798 2801 889 2863 spem
913 2779 951 2843 de
975 2800 1104 2843 summa
1126 2802 1160 2844 re
1189 2802 1220 2864 p.
1242 2779 1367 2844 habere
1396 2780 1481 2845 rolu-

201 2910 284 2972 mus,
304 2910 378 2953 cum
397 2892 430 2952 et
452 2909 512 2952 nos
532 2890 566 2952 et
585 2887 746 2952 exercitus
765 2891 898 2951 nostros
918 2885 1078 2971 singulari
1097 2885 1271 2952 concordia
1291 2886 1481 2954 coniunctos

201 2994 242 3059 ad
266 2995 376 3059 omnia
398 3016 458 3079 pro
482 2993 576 3059 vobis
599 2993 737 3058 videatis
761 2997 909 3079 paratos,
932 2993 988 3058 sed
1011 2997 1123 3057 tamen
1144 2992 1227 3057 nihil
1246 2993 1286 3057 de
1310 2993 1481 3080 diligentia

200 3102 368 3167 remittere
392 3100 518 3166 debetis
542 3101 680 3186 dareque
705 3123 847 3185 operam,
864 3105 902 3164 ut
925 3122 1024 3185 quam
1047 3099 1248 3185 paratissimi
1272 3103 1308 3164 et
1331 3102 1374 3167 ab
1398 3123 1519 3168 exer-rs

200 3209 268 3276 citu
291 3208 490 3294 reliquisque
513 3208 610 3273 rebus
629 3230 688 3294 pro
708 3213 818 3272 vestra
841 3207 948 3273 salute
968 3211 1082 3272 contra
1100 3207 1394 3273 sceleratissimam
1412 3231 1484 3274 con-

199 3317 413 3403 spirationem
436 3315 583 3380 hostium
606 3315 834 3401 confligamus,
860 3315 916 3399 qui
939 3314 1070 3399 quidem
1093 3336 1148 3379 eas
1172 3315 1297 3401 copias,
1321 3337 1406 3401 quas
1429 3317 1483 3380 din

199 3406 407 3490 simulatione
430 3423 649 3508 reipublicae
674 3421 922 3508 comparabant,
947 3423 1058 3487 subito
1082 3423 1122 3486 ad
1145 3422 1272 3507 patriae
1295 3425 1481 3507 periculum

200 3536 439 3598 convenerunt.

288 3731 310 3781 1.
330 3742 414 3794 quem
432 3725 526 3778 locum
542 3723 598 3778 tibi
617 3741 677 3777 esse
695 3727 793 3778 notum
811 3722 877 3778 uolo
897 3721 935 3778 H.
972 3730 1088 3778 celerum
1106 3724 1140 3791 es.
1162 3723 1190 3779 0.
1208 3725 1233 3778 I.
1254 3724 1288 3778 L.
1308 3724 1337 3779 V
1352 3744 1384 3797 p.
1400 3730 1453 3781 892

198 3805 222 3852 3.
242 3799 271 3851 et
289 3813 318 3851 se
338 3797 408 3921 <sip
426 3796 485 3850 iam
502 3798 609 3863 Baiter,
627 3798 736 3850 iniuria
749 3798 759 3862 ΙΙ
773 3800 798 3850 5.
816 3798 894 3848 trans
913 3793 1012 3864 Alpes]
1033 3797 1067 3862 cs.
1088 3795 1252 3849 lbielmonu
1272 3796 1372 3852 ‘Ar-ct.
1390 3800 1413 3866 s.
1433 3801 1481 3854 lat.

197 3869 352 3940 Leaieopr.’
368 3869 381 3921 l
422 3886 451 3937 p.
466 3873 518 3920 367
532 3871 579 3936 116.
600 3867 640 3938 et]
659 3865 686 3920 ei
701 3866 779 3920 Koch
797 3868 874 3933 (mus.
889 3866 977 3920 Rbcu.
992 3866 1043 3921 ΧΠ
1059 3885 1088 3936 p.
1103 3869 1176 3935 274),
1194 3867 1265 3921 male
1278 3869 1288 3937 l
1300 3868 1480 3925 uenditianis

197 3941 235 3994 M
244 3943 253 4008 u
269 3945 292 3994 7.
311 3938 395 3992 valde
413 3939 511 4008 quam]
525 3940 560 4005 cf.
576 3939 683 3992 Loreua
701 3939 738 3992 ud
757 3938 850 3992 Plaut.
865 3938 947 3991 Most.
963 3942 1013 3989 511
1029 3940 1076 4006 118.
1095 3936 1397 4009 faceretKleyull13.
1418 3958 1482 3996 con-

197 4011 265 4064 siste
285 4012 341 4080 Ml
362 4009 511 4064 victoriam
528 4011 597 4079 puto
617 4007 768 4063 consistere
785 4011 873 4065 verbis
891 4009 963 4063 hauc
980 4007 1018 4062 D.
1037 4009 1124 4063 Bruti
1142 4010 1180 4064 ad
1199 4009 1360 4065 Ciceronem
1377 4015 1481 4082 spirtu

198 4085 252 4136 lam
278 4083 420 4151 utrarum,
445 4080 476 4134 in
503 4097 582 4150 spem
608 4082 744 4133 venerant
771 4082 859 4135 uerbis
878 4111 911 4119 -
930 4081 1129 4134 converterunt
1155 4081 1271 4135 durius
1296 4083 1438 4151 epistuloe
1463 4103 1482 4139 a

197 4155 303 4209 Planco
321 4154 463 4223 Brutoque
481 4154 518 4207 ad
535 4159 659 4208 unctum
674 4152 859 4221 populumque
873 4152 908 4205 R.
927 4168 960 4205 m.
980 4152 1065 4206 lunio
1086 4151 1222 4206 (laterone
1240 4152 1325 4207 datae
1344 4155 1483 4226 fraumar-

197 4232 254 4279 tum
268 4226 403 4281 contineri
415 4225 486 4279 uidit
500 4225 534 4279 L.
547 4224 653 4278 Gurlitt
678 4241 743 4277 auri.
755 4225 824 4292 phil.
836 4228 904 4276 1880
919 4240 948 4290 p.
964 4227 1014 4274 611
1029 4225 1079 4292 sq.)
1093 4224 1103 4292 ΙΙ
1118 4227 1159 4276 15.
1178 4222 1278 4276 Planci
1289 4255 1322 4263 -
1339 4230 1382 4279 16.
1392 4242 1483 4298 nequo

197 4313 247 4351 om.
267 4295 302 4349 Η
312 4300 321 4365 ss
336 4301 376 4349 17.
392 4312 461 4363 quos
476 4295 518 4362 M,
537 4294 613 4363 quod
627 4294 660 4347 Η
701 4297 710 4363 n
725 4299 820 4348 1718.
836 4294 1007 4363 abroganter
1021 4294 1062 4360 M,
1077 4295 1242 4363 arroganter
1256 4293 1328 4350 HD.
1350 4313 1484 4369 arrogan-

197 4369 240 4421 ter
254 4367 555 4439 <adpropinquantes>
570 4367 621 4437 (vel
634 4368 705 4434 sim.)
720 4366 863 4419 Letmuuu
882 4368 923 4434 (p.
935 4369 988 4433 68).
1017 4366 1125 4419 uidebar
1135 4367 1229 4433 potius
1243 4367 1410 4425 adverbium
1428 4388 1484 4426 cor·

197 4440 341 4518 ripeudum
359 4456 412 4493 esse
426 4441 435 4507 ll
451 4443 491 4491 18.
511 4437 664 4507 allobriges
678 4437 715 4490 M
725 4439 734 4503 ΙΙ
748 4435 838 4489 omnis
853 4452 878 4504 ς,
898 4452 993 4490 omnes
1010 4439 1041 4489 Ψ
1051 4441 1061 4505 fl
1073 4434 1243 4517 praemissus
1261 4440 1326 4491 erat
1340 4440 1385 4509 M,
1404 4456 1484 4511 prae-

197 4509 276 4562 missi
294 4511 375 4562 erant
394 4510 455 4564 HD
476 4512 485 4578 ll
510 4515 551 4564 19.
571 4508 749 4562 sustinebant
768 4507 849 4576 (bant
867 4509 899 4561 iu
916 4511 983 4578 rus.)
1002 4510 1147 4575 nostrique
1165 4506 1201 4560 H
1219 4511 1228 4576 l
1256 4507 1404 4565 aduentus
1424 4514 1462 4567 M
1475 4517 1484 4583 21

198 4584 240 4632 24.
260 4579 381 4633 uideatis
399 4598 450 4649 pro
469 4580 549 4634 uobis
564 4579 599 4633 H
609 4583 618 4648 ΙΙ
632 4585 674 4635 25.
694 4581 724 4633 et
742 4578 791 4648 ab]
812 4579 848 4632 ab
867 4582 963 4648 5l28·
983 4578 1199 4650 comparabant]
1214 4582 1430 4648 comparabunt
1445 4585 1486 4659 M,

197 4654 396 4719 compararunt
415 4653 451 4720 D,
471 4653 650 4720 comparatur
669 4652 699 4705 H
712 4655 721 4720 l]
735 4656 777 4704 ⁴29.
797 4649 861 4703 uale
881 4652 944 4706 aud.
964 4651 1015 4704 Mr
