3286 5460
603 391 858 448 EPISTVLARVM
876 392 908 447 x.
929 397 971 447 32.
991 397 1033 447 ss.
1392 389 1457 454 215

179 558 294 642 fuisse,
322 557 364 642 si,
391 557 477 641 quod
501 556 657 643 iussistis,
680 556 755 622 feci:
784 580 860 622 nam
884 561 918 620 et
940 554 1141 640 provinciam
1165 555 1200 619 in
1224 556 1292 620 otio
1316 559 1349 620 et
1372 576 1458 620 exer·

181 665 282 730 citum
310 665 346 728 in
372 685 445 728 mea
476 667 639 747 potestate
673 662 778 746 tenui,
810 661 929 727 finibus
957 684 1047 726 meae
1080 661 1265 746 provinciae
1297 683 1457 746 nusquam

181 772 319 856 excessi3
342 772 481 836 militem
504 793 571 835 non
592 770 688 834 modo
711 768 937 855 legionarium,
959 770 1015 834 sed
1037 791 1078 834 ne
1102 758 1308 834 auxiliarium
1328 770 1458 853 quidem

181 879 285 944 ullum
314 900 478 963 quoquam
505 877 580 941 misi
609 881 655 961 et,
688 877 716 941 si
744 898 825 962 quos
856 875 981 960 equites
1014 876 1196 941 decedentis
1228 880 1344 941 nactus
1377 898 1459 959 sum,

155 985 343 1070 ssupplicio
368 983 484 1050 adfeci:
514 1006 650 1068 quarum
674 1006 782 1048 rerum
809 982 952 1048 fructum
976 983 1057 1048 satis
1080 1005 1235 1069 magnum
1259 1005 1293 1049 re
1316 1006 1346 1068 p.
1370 983 1460 1049 salva

182 1092 298 1158 tulisse
326 1114 378 1157 mc
405 1092 542 1177 putabo,
571 1092 640 1175 sed,
668 1112 719 1155 res
742 1112 773 1175 p.
797 1090 824 1155 si
848 1112 899 1154 me
924 1089 1004 1154 satis
1031 1090 1177 1156 novisset
1200 1095 1234 1154 et
1257 1089 1362 1155 maior
1383 1113 1459 1174 pars

182 1204 329 1280 senatus,
357 1198 496 1264 maiores
524 1221 563 1264 ex
591 1220 642 1261 me
670 1197 796 1262 fructus
825 1198 964 1262 tulisset.
1011 1196 1197 1283 epistolam,
1225 1218 1322 1280 quam
1345 1196 1459 1281 Balbo,

182 1329 256 1372 cum
288 1307 388 1372 etiam
420 1328 506 1371 nunc
533 1306 568 1369 in
596 1305 764 1389 provincia
791 1309 890 1387 esset,
923 1304 1053 1388 scripsi,
1086 1304 1254 1390 legendam
1283 1304 1344 1369 tibi
1372 1304 1460 1390 misi,

182 1414 282 1479 etiam
310 1417 527 1498 praetextam,
557 1412 586 1476 si
613 1411 702 1476 voles
730 1412 851 1497 legere,
880 1409 1011 1476 Gallum
1039 1410 1240 1496 Cornelium,
1267 1412 1460 1476 familiarem

139 1542 302 1607 romaum,
324 1520 462 1605 poscito.
508 1538 543 1584 vl
566 1518 643 1584 Idus
666 1519 736 1584 Iun.
760 1517 919 1585 Corduba.

677 1714 830 1781 xxxrn.
864 1711 970 1802 (409.)

569 1856 726 1924 Ponnro
750 1854 961 1923 oronaonu
985 1856 1016 1922 s.
1039 1857 1075 1923 P.

274 1983 304 2051 S.
324 2008 353 2050 v.
371 1985 403 2049 b.
423 2006 449 2048 e.
468 2005 494 2047 e.
514 2004 543 2066 q.
562 2005 590 2047 v.
629 2005 691 2067 quc
720 1982 846 2047 tardius
875 1982 994 2047 certior
1021 1982 1132 2046 fierem
1155 1983 1194 2047 de
1217 1984 1351 2069 proeliis
1375 1987 1459 2071 apud
1484 2005 1495 2050 1

183 2093 348 2159 Mutinam
375 2090 487 2175 factis,
513 2089 655 2174 Lepidus
685 2089 804 2173 effecit,
835 2089 890 2173 qui
918 2110 1007 2153 meos
1031 2089 1221 2155 tabellarios
1249 2114 1366 2158 novem
1394 2093 1462 2158 dies

144 2221 170 2258 1⁵
185 2200 336 2284 retinuit,
359 2197 492 2263 tametsi
516 2201 641 2261 tantam
666 2196 887 2260 calamitatem
906 2196 951 2259 rei
970 2217 1000 2279 p.
1021 2217 1119 2279 quam
1143 2198 1329 2264 tardissime
1353 2200 1463 2265 audire

185 2306 365 2390 optandum
385 2302 468 2388 est[,
492 2302 562 2387 sed]
586 2302 661 2387 illis,
685 2303 741 2387 qui
764 2303 917 2387 prodesse
941 2302 1022 2366 nihil
1046 2308 1185 2387 possunt
1206 2328 1310 2391 neque
1333 2308 1463 2372 mederi.

185 2419 284 2497 atque
315 2411 443 2476 utinam
476 2411 589 2475 eodem
617 2433 641 2474 s.
666 2433 706 2495 c,
739 2432 802 2494 quo
832 2409 988 2475 Plancum
1021 2415 1054 2474 et
1082 2409 1240 2495 Lepidum
1270 2413 1304 2477 in
1331 2412 1463 2480 Italiam

186 2518 384 2603 arcessistis,
416 2539 467 2581 me
496 2539 623 2601 quoque
654 2516 833 2582 iussissetis
862 2515 984 2582 venire!
1017 2516 1165 2600 profecto
1192 2541 1259 2584 non
1287 2520 1465 2607 accepisset

187 2649 239 2692 res
262 2648 292 2710 p.
315 2625 378 2690 hoc
397 2623 527 2689 vulnus:
552 2645 616 2707 quo
640 2622 668 2687 si
691 2624 745 2707 qui
769 2623 934 2688 laetantur
951 2623 986 2687 in
1004 2624 1197 2708 praesentia,
1221 2626 1298 2709 quia
1314 2628 1464 2693 videntur

147 2754 174 2793 io
189 2737 223 2797 et
250 2733 346 2797 duces
375 2734 409 2795 et
435 2731 579 2795 veterani
609 2729 757 2796 Caesaris
785 2729 929 2815 partium
959 2730 1124 2815 interisse,
1154 2735 1264 2796 tamen
1290 2736 1464 2818 postmodo

187 2842 352 2904 necessest
375 2837 516 2921 doleant,
539 2859 613 2902 cum
631 2835 822 2903 vastitatem
845 2836 960 2902 Italiae
983 2838 1197 2923 respexerint3
1218 2861 1295 2903 nam
1314 2846 1347 2904 et
1366 2842 1466 2906 robur

189 2950 223 3010 et
251 2943 381 3009 suboles
410 2944 553 3009 militum
581 2943 720 3027 interiit,
751 2943 779 3008 si
808 2943 951 3028 quidem,
985 2964 1067 3027 quae
1094 2945 1300 3030 nuntiantur,
1332 2947 1400 3011 ulla
1427 2971 1466 3012 ex

189 3055 282 3136 parte
305 3072 381 3116 vera
399 3056 484 3116 sunt.
521 3073 625 3135 neque
644 3071 706 3136 ego
724 3072 791 3114 non
814 3049 972 3134 videbam,
995 3055 1117 3134 quanto
1141 3052 1214 3116 usui
1237 3052 1285 3117 rei
1307 3075 1338 3137 p.
1362 3076 1464 3119 essem
1486 3073 1501 3120 a

188 3159 334 3244 iuturus,
361 3159 389 3222 si
417 3158 457 3222 ad
481 3157 639 3241 Lepidum
668 3156 842 3241 venissem,
870 3178 998 3221 omnem
1022 3157 1109 3221 enim
1134 3158 1374 3224 cunctationem
1397 3162 1466 3226 eius

152 3287 177 3326 aa
191 3265 424 3347 discussissem,
448 3264 640 3347 praesertim
664 3264 811 3328 adiutore
830 3261 965 3349 Planco,
989 3264 1044 3328 sed
1068 3264 1224 3329 scribenti
1248 3265 1288 3329 ad
1312 3288 1362 3331 me
1386 3265 1467 3332 eius-

191 3372 279 3436 modi
306 3373 449 3455 litteras,
480 3393 559 3455 quas
587 3373 690 3456 leges,
718 3374 751 3434 et
779 3370 985 3434 contionibus
1012 3370 1176 3455 videlicet,
1204 3394 1284 3456 quas
1312 3370 1466 3438 Narbone

165 3476 182 3506 '
196 3477 350 3543 habuisse
371 3477 499 3556 dicitur,
523 3477 648 3562 similis,
671 3477 822 3562 palparer
838 3498 969 3542 necesse
989 3482 1068 3561 erat,
1087 3477 1115 3542 si
1133 3479 1249 3544 vellem
1270 3484 1468 3544 commeatus

192 3606 251 3668 per
273 3582 474 3668 provinciam
498 3585 567 3650 eius
590 3583 799 3650 iterfaciens
822 3584 951 3650 habere.
996 3588 1163 3669 praeterea
1186 3587 1333 3671 verebar,
1361 3609 1415 3670 ne,
1440 3587 1468 3650 si

192 3694 267 3755 ante
291 3713 388 3776 quam
411 3713 472 3778 ego
495 3693 625 3777 incepta
647 3690 844 3776 perficerem,
867 3691 1028 3777 proelium
1052 3691 1235 3757 confectum
1258 3697 1354 3776 esset,
1376 3693 1468 3777 pium

154 3797 364 3863 inconsilinm
391 3819 499 3863 meum
527 3801 678 3883 raperent
700 3797 735 3862 in
759 3797 956 3863 contrariam
984 3802 1111 3882 partem
1139 3802 1375 3882 optrectatores
1405 3800 1468 3865 mei

282 3996 305 4045 1.
329 3989 429 4057 fuisse,
463 3991 547 4059 sicut,
581 3990 656 4058 quod
684 4007 741 4044 non
768 3990 905 4059 iussistis,
934 3990 988 4045 feci
1012 3993 1035 4045 Ι.
1059 3991 1092 4047 F.
1113 3993 1280 4060 Groiiovius,
1309 3995 1446 4049 inutiliter
1459 3994 1469 4063 11

193 4065 217 4116 3.
237 4061 353 4116 discessi
373 4065 405 4116 H
421 4066 472 4132 114.
494 4062 670 4116 discedentes
691 4063 776 4117 Orelli
798 4064 807 4130 11
829 4066 852 4116 7.
872 4061 985 4116 maioris
1004 4062 1050 4116 Ml
1068 4065 1078 4130 1
1096 4069 1120 4118 8,
1139 4062 1286 4132 prouincia
1304 4081 1337 4118 en
1355 4063 1467 4133 prouin-

194 4133 266 4187 ciam
285 4135 336 4186 111ο
354 4137 363 4203 1
383 4139 423 4188 10.
444 4133 536 4186 iunius
556 4134 592 4186 Μ
610 4136 618 4202 11
641 4139 681 4187 14.
701 4133 785 4187 factis
803 4151 837 4187 eu
856 4133 947 4187 factus
965 4136 1086 4189 rodendo
1105 4136 1141 4188 M
1157 4135 1251 4205 (factis
1271 4136 1310 4203 P)
1330 4137 1338 4204 11
1359 4140 1401 4191 15.
1420 4152 1468 4205 op·

193 4203 279 4257 tinuit
289 4205 319 4258 Η
332 4209 342 4271 1
357 4210 397 4258 15.
410 4210 452 4259 16.
467 4205 622 4274 optandum
636 4206 680 4258 est
694 4204 792 4258 audire
802 4204 836 4257 Η
846 4206 855 4272 11
871 4210 912 4259 16,
928 4204 977 4258 sed
990 4208 1085 4260 uotoni
1098 4224 1158 4260 curu
1174 4207 1258 4261 1111.
1271 4207 1376 4261 Koeliio
1390 4210 1467 4275 (suus.

194 4276 280 4330 liban.
295 4275 346 4329 XII
360 4294 390 4345 p.
406 4281 457 4330 310
476 4283 500 4330 et
521 4278 601 4330 ‘coui
619 4276 702 4330 Tull!
720 4294 748 4344 p.
765 4279 809 4343 331
825 4278 833 4343 1
847 4277 948 4346 neque]
969 4291 1077 4344 nequeo
1095 4281 1124 4329 Ψ
1136 4280 1144 4346 11
1160 4284 1201 4332 19.
1216 4277 1256 4331 rei
1271 4279 1309 4332 M
1323 4281 1377 4346 (res
1387 4279 1446 4348 ΜΤ)
1460 4278 1470 4349 11

194 4346 335 4415 presentia
349 4364 382 4401 ere
391 4347 503 4416 psentia
513 4347 551 4400 M
552 4355 563 4382 ⁰
577 4350 586 4416 11
600 4352 641 4400 20.
658 4349 687 4400 et
701 4347 785 4400 duces
796 4348 833 4414 D,
848 4349 880 4399 ut
894 4347 978 4400 duces
988 4348 1057 4400 ΜΗ
1068 4350 1077 4416 11
1091 4347 1217 4402 Caesaris
1229 4348 1364 4420 partium]
1379 4351 1469 4405 eodem

194 4419 271 4473 modo
291 4418 345 4473 oie.
365 4420 403 4472 ao
421 4419 503 4473 Brut.
523 4419 558 4485 Π,
573 4424 597 4486 4,
613 4424 628 4469 5
647 4421 683 4486 (6,
699 4420 737 4486 2):
766 4419 816 4471 ‘ne
836 4417 922 4471 animi
946 4418 1070 4487 partium
1089 4417 1266 4475 Caesaris...
1290 4420 1470 4474 vehementer

194 4491 454 4557 commoverentur',
477 4493 512 4554 cs.
532 4492 615 4544 etium
632 4490 757 4558 Philipp.
777 4488 810 4555 V,
832 4494 873 4557 12,
889 4494 931 4544 32.
959 4491 1061 4545 seilicet
1080 4488 1310 4544 Caesarianomm
1328 4509 1394 4560 voc,
1417 4509 1469 4561 quio

195 4562 283 4615 utitur
297 4567 461 4630 maurotus
475 4562 565 4615 Pollio
579 4563 614 4629 (b.
629 4561 709 4614 Alex.
726 4565 769 4626 59,
785 4565 798 4612 1
814 4563 974 4629 saepiusque
988 4564 1019 4614 iu
1033 4562 1056 4615 b.
1071 4563 1145 4628 Asu,
1162 4580 1186 4616 o.
1207 4563 1335 4630 Wo'lfiliu
1349 4565 1386 4616 od
1397 4568 1420 4631 7,
1432 4566 1468 4631 5),

195 4649 213 4684 c
229 4649 290 4686 vero
309 4632 433 4686 Pollione
455 4649 511 4686 uon
534 4635 625 4686 miuus
649 4649 731 4698 quom
754 4649 773 4684 o
798 4630 923 4687 Cicerone
948 4639 973 4686 et
997 4631 1111 4686 (laesere
1137 4634 1259 4687 alieuum
1285 4637 1295 4701 l
1321 4633 1469 4702 postmodo

196 4701 287 4769 11¹1),
311 4704 488 4772 postmodum
508 4703 597 4756 M⁰H
607 4705 616 4771 11
635 4709 676 4756 31.
697 4704 838 4756 necessest
856 4703 911 4770 M¹,
930 4719 1043 4757 necesse
1062 4704 1106 4755 est
1124 4703 1320 4772 ΜοΗ1ὶ1125.
1340 4704 1470 4759 adiutore

196 4790 229 4829 rx
245 4773 389 4829 adiutores
408 4775 463 4841 Μ’,
481 4781 512 4829 ui
530 4776 585 4829 oid.
609 4778 618 4844 11
641 4779 682 4828 36.
703 4777 732 4826 et
750 4774 800 4828 del.
821 4775 885 4841 olii,
904 4776 967 4841 fori.
987 4780 1055 4828 recte
1077 4777 1087 4842 11
1110 4779 1152 4829 21.
1171 4774 1304 4844 palparer
1323 4777 1470 4847 Victorius,

196 4843 336 4901 'slmarer
354 4847 395 4914 Μ,
414 4845 510 4915 palma
528 4862 620 4900 rerum
640 4845 707 4899 HD.
736 4847 771 4912 as.
791 4845 914 4900 Sebiiiola
932 4846 979 4900 As.
1000 4845 1046 4900 P.¹
1062 4864 1090 4914 p.
1106 4850 1139 4899 41

1203 4937 1257 4991 18*
