3314 5460
206 348 272 413 434
659 346 696 402 Μ.
716 347 822 401 TVLLI
842 345 1031 401 CICERONIS

207 535 241 578 se
274 512 464 578 ulteriorem
498 509 637 576 Galliam
672 510 832 595 Domitio,
864 511 1052 576 citeriorem
1079 506 1234 583 Considio
1263 508 1417 572 Noniano
1449 545 1486 554 —

202 619 258 684 his
291 620 378 684 enim
410 618 600 704 optigerunt
626 655 663 665 -
690 618 900 701 traditurum,
932 617 972 680 ad
1006 617 1194 681 consulatus
1225 615 1422 700 petitionem
1454 636 1488 678 se

205 729 387 809 venturum,
409 747 513 809 neque
538 747 572 789 se
596 726 662 789 iam
686 724 766 788 velle
791 728 924 808 apsente
949 746 983 788 se
1008 725 1169 788 rationem
1187 722 1301 787 haberi
1321 743 1432 805 suam,
1455 743 1490 784 se

207 835 412 915 praesentem
446 831 570 896 trinum
602 832 782 896 nundinum
816 832 1003 915 petiturum.
1054 831 1238 914 accepimus
1272 828 1490 911 condiciones,

206 939 261 1002 sed
284 937 341 1022 ita,
363 941 400 1002 ut
423 944 590 1003 removeat
613 938 775 1022 praesidia
797 960 835 1003 ex
859 938 908 1002 eis
932 938 1023 1022 locis,
1046 959 1129 1020 quae
1153 935 1333 1021 occupavit,
1358 940 1396 999 ut
1418 933 1489 998 sine
1519 958 1528 997 1

168 1048 296 1109 ametu
323 1044 361 1108 de
389 1043 441 1108 his
470 1045 550 1128 ipsis
579 1044 823 1110 condicionibus
846 1043 969 1109 Romae
999 1049 1131 1108 senatus
1155 1042 1268 1107 haberi
1292 1041 1410 1125 possit.
1457 1040 1490 1104 id

204 1149 259 1215 ille
284 1152 312 1216 si
335 1151 459 1236 fecerit,
483 1173 557 1235 spes
581 1155 632 1216 est
654 1151 754 1235 pacis,
777 1173 843 1216 non
866 1152 1022 1216 honestae
1042 1150 1194 1235 -leges
1218 1148 1305 1212 enim
1328 1148 1490 1231 inponun-

204 1262 258 1321 tur
282 1295 333 1342 —,
357 1259 413 1323 sed
438 1258 564 1342 quidvis
589 1263 639 1322 est
663 1258 779 1323 melius
804 1281 901 1343 quam
926 1259 972 1324 sio
994 1280 1074 1342 esse,
1097 1261 1135 1321 ut
1154 1278 1281 1339 sumus,
1304 1255 1358 1319 sin
1376 1259 1490 1318 autem

203 1364 260 1428 ille
284 1365 352 1429 suis
376 1365 621 1429 condicionibus
646 1369 732 1429 stare
755 1366 907 1449 noluerit,
931 1365 1053 1430 bellum
1074 1366 1225 1448 paratum
1244 1367 1302 1447 cst,
1326 1362 1490 1427 eiusmodi

203 1475 327 1555 tamen,
357 1473 443 1556 quod
467 1471 626 1535 sustinere
649 1471 705 1536 ille
728 1494 793 1536 non
817 1473 937 1556 possit,
963 1469 1156 1556 praesertim
1180 1492 1254 1535 oum
1277 1492 1296 1532 a
1319 1468 1387 1533 suis
1414 1491 1489 1533 oon·
1507 1492 1528 1530 11

203 1577 385 1643 dicionibus
414 1579 483 1662 ipse
511 1577 648 1663 fugerit,
675 1579 901 1644 tantummodo
926 1583 963 1642 ut
987 1601 1060 1643 eum
1084 1575 1351 1658 intercludamus,
1378 1597 1422 1639 ne
1448 1576 1488 1638 ad

203 1683 317 1749 urbem
339 1684 446 1769 possit
469 1685 637 1769 accedere,
660 1686 745 1768 quod
770 1686 980 1770 sperabamus
1003 1685 1075 1749 fieri
1097 1704 1208 1768 posse3
1235 1682 1373 1746 dilectus
1399 1682 1488 1745 enim

203 1812 339 1876 magnos
367 1790 568 1855 habebamus
597 1792 857 1876 putabamusque
881 1792 974 1856 illum
998 1797 1156 1875 metuere,
1184 1787 1213 1853 si
1236 1790 1276 1853 ad
1298 1787 1416 1853 urbem
1440 1789 1488 1852 ire

203 1898 377 1982 coepisset,
409 1921 449 1963 ne
482 1897 607 1962 Gallias
640 1898 820 1983 amitteret,
854 1921 933 1983 quas
966 1899 1078 1962 ambas
1111 1896 1211 1960 habet
1241 1894 1490 1959 inimicissimas

202 2009 333 2087 praeter
351 2004 609 2089 Transpadanos,
631 2028 670 2069 ex
688 2005 911 2090 Hispaniaque
932 2028 988 2069 sex
1006 2004 1151 2090 legiones
1171 2008 1204 2066 et
1222 2022 1344 2086 magna
1362 2001 1490 2066 auxilia
1506 2025 1528 2064 n

204 2111 340 2176 Afranio
374 2116 407 2176 et
440 2110 572 2176 Petreio
607 2112 742 2177 ducibus
775 2113 875 2177 habet
907 2135 926 2177 a
958 2118 1066 2198 tergo:
1102 2110 1242 2192 videtur,
1275 2109 1303 2172 si
1334 2108 1492 2192 insaniet,

201 2239 297 2301 posse
326 2217 480 2301 opprimi,
508 2218 605 2282 modo
633 2223 671 2282 ut
698 2219 777 2282 urbe
802 2219 899 2284 salva
946 2219 1123 2283 maximam
1147 2220 1256 2280 autem
1279 2215 1415 2300 plagam
1440 2238 1492 2280 ac·

203 2324 300 2409 cepit,
324 2325 411 2409 quod
435 2312 472 2407 is,
496 2325 552 2409 qui
577 2347 738 2389 summam
759 2327 989 2392 auctoritatem
1008 2326 1043 2390 in
1061 2325 1149 2388 illius
1169 2322 1313 2387 exercitu
1332 2321 1491 2404 habebat,

203 2428 238 2493 T.
262 2429 437 2515 Labienus,
460 2431 567 2496 socius
592 2432 723 2497 sceleris
748 2455 818 2497 esse
840 2433 962 2498 noluit:
985 2431 1118 2516 reliquit
1140 2431 1234 2495 illum
1258 2433 1292 2494 et
1312 2429 1491 2494 nobiscum

168 2536 310 2620 a<est>,
337 2536 499 2620 multique
525 2538 610 2601 idem
634 2537 753 2602 facturi
777 2560 847 2603 esse
871 2539 1031 2604 dicuntur.
1077 2558 1138 2622 ego
1162 2537 1266 2601 adhuc
1289 2558 1365 2601 orae
1391 2537 1491 2600 mari·
1506 2560 1528 2598 ao

202 2643 302 2707 timae
326 2666 478 2727 praesum
502 2667 521 2708 a
544 2642 701 2709 Formiis:
728 2644 855 2709 nullum
879 2644 984 2709 maius
1004 2644 1174 2729 negotium
1198 2642 1361 2726 suscipere
1387 2644 1490 2727 volui,

203 2770 267 2832 quo
291 2749 367 2834 plus
393 2750 477 2834 apud
502 2750 594 2815 illum
618 2772 708 2815 meae
731 2750 862 2818 litterae
881 2751 1189 2834 cohortationesque
1209 2749 1248 2813 ad
1268 2771 1383 2832 paoem
1403 2751 1491 2814 vale-

202 2859 289 2940 rent3
317 2856 368 2920 sin
397 2861 506 2922 autem
535 2856 597 2920 erit
625 2857 761 2941 bellum,
788 2859 957 2923 videorne
982 2859 1097 2924 castris
1122 2854 1273 2920 etcertis
1297 2855 1489 2941 legionibus

202 2962 435 3046 praefuturum.
485 2962 590 3027 habeo
615 2964 714 3027 etiam
739 2966 829 3029 illam
852 2966 1047 3050 molestiam,
1072 2964 1156 3050 quod
1176 2962 1348 3028 Dolabella
1371 2969 1489 3028 noster

203 3074 284 3152 aput
311 3066 483 3134 Caesarem
516 3074 574 3136 est.
620 3069 700 3135 haec
732 3072 794 3135 tibi
825 3077 905 3136 nota
933 3094 1002 3136 esse
1030 3071 1132 3154 volui,
1166 3092 1247 3154 quae
1275 3092 1352 3134 cave
1381 3093 1424 3135 ne
1452 3076 1486 3135 te
1501 3093 1525 3131 a

167 3196 182 3243 0
202 3176 395 3259 perturbent
418 3180 451 3240 et
474 3177 655 3261 impediant
678 3176 897 3242 valetudinem
922 3181 1022 3242 tuam.
1069 3199 1129 3262 ego
1153 3176 1192 3241 A.
1211 3174 1364 3260 Varroni,
1389 3199 1486 3263 quem

200 3305 299 3367 quom
323 3282 585 3346 amantissimum
608 3283 671 3347 mei
696 3284 848 3369 cognovi,
876 3288 947 3348 tum
971 3284 1070 3348 etiam
1095 3283 1188 3347 valde
1213 3283 1262 3347 tui
1287 3283 1484 3367 studiosum,

198 3389 449 3476 diligentissime
486 3392 518 3453 te
555 3390 791 3475 commendavi,
827 3395 865 3454 ut
901 3395 934 3455 et
970 3389 1166 3455 valetudinis
1204 3394 1281 3453 tuae
1302 3389 1484 3454 'rationem

198 3495 333 3561 haberet
361 3499 395 3560 et
421 3495 642 3580 navigationis
670 3500 703 3560 et
730 3501 837 3561 totum
866 3502 899 3562 te
927 3497 1108 3581 susciperet
1134 3518 1171 3561 ac
1194 3499 1354 3560 tueretur:
1385 3519 1483 3581 quem

198 3602 308 3666 omnia
336 3603 498 3668 facturum
526 3602 667 3688 confido,
695 3604 819 3688 recepit
846 3603 932 3667 enim
961 3609 994 3668 et
1021 3626 1147 3668 mecum
1175 3603 1303 3667 locutus
1332 3607 1386 3667 est
1409 3625 1519 3667 sua-oo

196 3709 337 3775 vissime.
384 3713 434 3793 tu,
462 3709 614 3793 quoniam
644 3731 680 3773 eo
709 3714 856 3793 tempore
884 3731 1009 3774 mecum
1038 3732 1108 3776 esse
1136 3732 1201 3775 11011
1229 3709 1384 3793 potuisti,
1414 3732 1479 3794 quo

287 3929 309 3977 1.
330 3938 358 3974 se
378 3921 451 3988 MD,
480 3920 529 3974 sed
551 3919 613 3974 FH
637 3924 646 3988 u
674 3926 697 3973 3.
717 3926 742 3974 4,
762 3936 790 3973 se
809 3924 985 3989 praesentem
1008 3920 1093 3975 trium
1111 3922 1171 3990 (sic)
1194 3920 1351 3973 nundinum
1372 3921 1420 3989 M,
1447 3939 1477 3975 se

193 3995 369 4062 praesentem
383 3991 576 4045 trinundinum
595 3991 632 4058 D,
652 3990 700 4043 sed
715 3993 862 4059 praesente
877 3992 1070 4046 trinundinum
1085 3991 1150 4045 ΓΗ
1160 3997 1207 4062 114.
1223 3991 1385 4061 accepimus
1403 3993 1477 4060 MD,

193 4063 346 4134 accipimus
366 4063 429 4116 ΕΗ
440 4066 449 4131 ΙΙ
464 4068 487 4116 5.
507 4062 559 4133 eis]
578 4062 622 4115 his
641 4061 705 4127 W,
724 4061 760 4114 iis
780 4064 818 4130 ςΙΙ
833 4068 856 4116 6.
876 4062 933 4134 his]
953 4063 987 4116 iis
1008 4064 1167 4133 Wesenberg
1181 4064 1190 4131 ΙΙ
1206 4069 1228 4116 7.
1249 4063 1368 4116 honeste
1392 4064 1461 4117 ΜΗ
1469 4098 1477 4127 ;Ι

193 4140 217 4190 9.
237 4135 324 4205 stare]
343 4134 430 4187 istare
449 4135 494 4201 M,
514 4133 570 4186 ista
588 4150 617 4186 re
637 4133 677 4199 D,
697 4132 802 4186 instare
824 4134 885 4186 ΕΗ
904 4137 914 4203 ΙΙ
939 4141 979 4189 12.
999 4134 1058 4188 fiori
1077 4150 1158 4203 posse
1178 4133 1297 4187 dilectus
1316 4134 1364 4197 M,
1391 4151 1475 4203 posse

193 4206 252 4260 fieri
271 4206 319 4260 dil.
333 4207 377 4272 D,
395 4221 478 4274 posse
497 4204 555 4257 fieri
575 4203 627 4257 del.
648 4204 711 4257 ΕΗ
721 4206 731 4272 ΙΙ
746 4209 786 4258 13,
805 4205 976 4273 putabamus
995 4223 1067 4273 quae
1083 4206 1119 4258 M
1128 4208 1138 4274 ΙΙ
1153 4210 1193 4258 10.
1214 4204 1404 4274 hispaniaque
1425 4223 1475 4259 sex

193 4278 264 4345 MD,
284 4275 415 4346 hispania
433 4278 490 4330 tres
509 4275 573 4329 ΡΗ
583 4277 592 4344 ll
613 4280 652 4328 16,
672 4275 779 4343 petreio
799 4295 831 4330 ac
851 4276 927 4345 preio
946 4277 984 4331 M
986 4278 992 4310 ¹
1010 4282 1019 4345 11
1038 4294 1055 4330 a
1073 4280 1153 4345 tergo
1172 4275 1285 4329 uidetur
1304 4275 1328 4328 si
1347 4276 1478 4331 insaniet

194 4365 318 4434 (uidetur
342 4383 393 4417 sun
417 4364 479 4418 sani
498 4368 526 4417 et
544 4365 584 4433 D)
603 4364 679 4429 MD,
708 4366 738 4417 at
762 4381 827 4434 ergo
847 4348 887 4435 (ξ)
910 4365 1023 4419 uidetur
1046 4365 1070 4418 si
1094 4365 1217 4419 insaniet
1234 4365 1277 4431 H,
1307 4367 1339 4418 at
1361 4382 1429 4435 ergo
1454 4365 1479 4418 si

194 4435 306 4490 uidetur
324 4435 448 4489 insaniet
468 4437 498 4490 F
510 4438 518 4504 ΙΙ
534 4443 574 4489 17.
595 4437 626 4487 ut
645 4435 716 4502 MD,
736 4454 786 4489 0111.
802 4436 865 4490 FH
876 4439 885 4506 ll
901 4444 941 4492 1a.
957 4444 998 4490 20.
1019 4439 1063 4490 cst
1081 4456 1097 4491 o
1119 4436 1180 4490 ΨΡ
1196 4439 1323 4491 omissam
1344 4438 1399 4490 olii
1413 4444 1479 4506 post

194 4508 347 4575 nobiscum,
357 4510 409 4561 olii
415 4514 478 4576 post
488 4509 517 4560 et
526 4510 650 4561 1111110111
664 4510 673 4574 11
687 4513 728 4561 20.
736 4507 821 4560 horae
829 4508 892 4560 ΡΗ
902 4511 912 4578 ΙΙ
926 4515 968 4563 22.
979 4507 1237 4576 cohortationisque
1247 4507 1311 4561 ΡΗ
1320 4510 1329 4576 ll
1344 4508 1477 4577 2311107,

195 4583 208 4628 1
225 4580 275 4632 litt.
295 4597 341 4646 er,
360 4578 398 4631 M
409 4580 474 4646 1124.
494 4579 569 4647 quod
582 4578 678 4644 ΓΗΒ,
698 4595 781 4645 quem
795 4579 831 4631 M
841 4583 850 4647 ss
864 4586 906 4634 26.
927 4580 1002 4649 apud
1014 4580 1104 4634 FHD
1117 4582 1126 4648 ll
1140 4596 1200 4633 esse
1214 4581 1284 4633 nota
1295 4579 1328 4632 H
1340 4582 1349 4647 l
1364 4585 1407 4633 26.
1423 4596 1476 4649 ego

194 4648 325 4702 auarroni
340 4651 380 4718 M,
400 4665 465 4719 ergo
485 4648 615 4703 auarroni
637 4650 733 4703 ΜΠ).
769 4651 801 4704 dc
820 4653 878 4719 ipso
897 4652 1211 4706 110111110011101111111011
1229 4651 1305 4705 Berl.
1325 4650 1474 4705 Sita-Ber.

195 4722 262 4798 1892
278 4724 454 4789 1184111127.
475 4722 573 4845 (111οἚ
591 4737 675 4788 quam
695 4722 735 4790 M,
756 4739 818 4775 cum
839 4721 930 4776 FHD
943 4724 952 4791 ll
966 4721 1021 4776 mei
1040 4723 1081 4789 M,
1102 4721 1127 4775 ci
1148 4722 1216 4790 ΡΗ,
1236 4740 1286 4776 oni.
1307 4721 1336 4774 D
1358 4724 1369 4790 l
1390 4721 1474 4777 ualde

194 4790 236 4843 tur
256 4791 296 4861 M,
316 4790 358 4842 tui
378 4791 462 4844 ualde
483 4792 544 4845 ΡΗ
