3286 5460
123 441 134 465 .
194 368 238 433 54
647 366 684 421 Μ,
704 366 810 420 TVLLI
830 364 1020 420 CICERONIS

195 552 387 614 eonvensro,
416 553 454 596 ex
482 530 571 595 illius
600 552 748 595 sermone
772 530 812 594 ad
835 533 867 593 te
890 528 1033 594 scribam
1061 529 1156 612 plura
1182 531 1215 593 ct
1243 528 1314 613 ipse
1343 550 1476 613 operam

196 639 280 703 dabo
315 641 347 702 te
383 642 419 700 ut
453 659 551 721 quam
586 638 727 722 primum
763 637 897 701 videam.
951 636 1040 719 quod
1072 634 1190 700 scribis
1227 634 1289 700 tibi
1324 633 1477 700 manendi

196 766 326 809 causam
355 766 426 808 eam
454 742 570 826 fuisse,
603 749 641 808 ut
667 765 718 808 me
747 742 951 826 convenires,
982 742 1015 807 id
1043 741 1140 827 mibi,
1170 763 1212 806 ne
1239 739 1397 825 mentiar,
1428 745 1478 805 est

196 855 337 938 gratum.

756 1063 797 1128 v.
830 1061 913 1147 (se.)

502 1221 663 1291 oroneo
688 1223 720 1289 s
739 1222 779 1288 u.
798 1221 930 1287 Arrio
954 1220 1172 1288 Pvaouno.

162 1403 174 1449 1
285 1385 405 1450 Trallis
433 1385 506 1449 veni
531 1407 557 1449 a
576 1384 606 1448 d.
625 1403 661 1448 vr
680 1383 720 1447 K.
741 1382 810 1448 Sex.
852 1384 900 1448 ibi
924 1383 1004 1448 mihi
1035 1387 1166 1467 praesto
1190 1378 1480 1448 faramundus

196 1515 270 1556 cum
294 1490 413 1555 litteris
438 1491 662 1574 mandatisque
687 1490 767 1575 tuis,
796 1513 859 1574 quo
889 1490 1018 1575 quidem
1047 1489 1213 1555 hominem
1236 1488 1403 1553 nemiuem
1424 1508 1481 1570 po·

196 1597 288 1661 tuisti
313 1621 372 1663 nec
392 1598 472 1662 milri
492 1597 679 1662 amiciorem
698 1619 766 1682 nec,
789 1602 826 1661 ut
845 1597 997 1679 arbitror,
1020 1597 1061 1661 ad
1080 1619 1118 1661 ea
1137 1593 1370 1681 cognoscenda,
1395 1615 1480 1678 quae

196 1703 278 1768 scire
299 1704 457 1788 volebam,
481 1703 642 1787 aptiorem
665 1702 947 1787 prudentioremve
967 1703 1111 1787 mittere3
1135 1723 1196 1788 ego
1220 1705 1330 1767 autem
1348 1704 1384 1765 et
1404 1704 1481 1765 tuas
1495 1726 1520 1764 ro

196 1811 325 1876 litteras
348 1811 414 1897 legi
438 1810 578 1875 libenter
601 1815 635 1874 et
658 1809 766 1874 audivi
790 1807 952 1874 Lucilium
975 1808 1158 1907 diligenter.
1199 1829 1299 1892 nunc,
1322 1806 1480 1890 quoniam

198 1922 231 1982 et
253 1921 290 1982 tu
314 1918 362 1982 ita
384 1916 487 1983 sentis
514 1955 551 1964 -
578 1916 694 1982 scribis
718 1916 817 2001 enim,
847 1939 930 2001 quae
953 1916 1035 1999 <de>
1059 1915 1181 1980 nostrie
1210 1912 1327 1978 officiis
1350 1933 1415 1998 ego
1438 1913 1481 1978 ad

196 2029 229 2088 te
258 2024 465 2109 scripseram,
493 2024 556 2089 etsi
584 2023 646 2088 tibi
675 2023 813 2087 iucunda
840 2022 974 2107 fuerint,
1007 2026 1130 2105 tamen,
1160 2020 1313 2105 quoniam
1341 2041 1382 2084 ex
1410 2019 1480 2085 alto

197 2131 337 2214 repetita
365 2130 444 2214 sint,
473 2153 539 2195 non
566 2129 748 2195 necessaria
776 2134 808 2192 te
836 2133 968 2212 putasse
994 2166 1033 2174 —
1059 2134 1092 2194 et
1119 2149 1153 2192 re
1180 2149 1258 2193 vera
1284 2127 1482 2192 confirmata

198 2237 344 2302 amicitia
371 2241 404 2301 et
431 2239 603 2320 perspecta
630 2237 691 2300 fide
725 2237 989 2301 commemoratio
1024 2235 1207 2301 officiorum
1239 2255 1481 2318 supervacanea
1495 2257 1520 2296 rs

196 2349 261 2428 est,
293 2365 364 2407 eam
396 2347 523 2427 partem
556 2341 714 2407 orationis
746 2343 1023 2428 praetermittam,
1060 2342 1122 2408 tibi
1154 2345 1265 2407 tamen
1297 2361 1410 2427 agam,
1441 2346 1481 2406 ut

197 2450 308 2536 debeo,
330 2448 464 2535 gratias,
483 2447 695 2513 animadverti
717 2448 803 2514 enim
823 2453 856 2513 et
873 2449 971 2515 didici
991 2472 1029 2515 ex
1049 2449 1115 2514 tuis
1134 2447 1254 2513 litteris
1272 2452 1306 2512 te
1325 2448 1479 2512 omnibus

197 2557 231 2621 in
259 2558 356 2622 rebus
384 2555 537 2621 habuisse
566 2555 740 2638 rationem,
772 2559 809 2620 ut
837 2556 918 2620 mibi
950 2557 1135 2623 consuleres
1163 2553 1419 2638 restitueresque
1445 2558 1479 2619 et

198 2685 329 2748 parares
350 2662 588 2746 quodammodo
607 2662 725 2746 omnia,
748 2684 813 2746 quo
837 2683 909 2727 mea
931 2663 1016 2728 ratio
1041 2661 1169 2727 facilior
1192 2664 1226 2725 et
1249 2660 1389 2726 solutior
1407 2683 1478 2727 esse

163 2774 317 2855 eposset.
358 2769 421 2833 boc
444 2773 538 2833 tuum
562 2768 707 2835 officium
731 2790 803 2834 cum
831 2769 912 2833 mihi
940 2768 1165 2855 gratissimum
1189 2789 1259 2832 esse
1283 2766 1405 2851 dicam,
1432 2787 1513 2832 sen

200 2876 311 2959 quitur
332 2874 428 2959 illud,
455 2880 493 2938 ut
516 2880 548 2939 te
572 2876 758 2940 existimare
782 2876 879 2941 velim
903 2875 984 2940 mihi
1007 2896 1143 2961 magnae
1168 2895 1263 2939 curae
1286 2872 1357 2937 fore
1380 2877 1477 2958 atque

199 3003 269 3046 esse
289 2982 363 3063 iarn,
387 2981 528 3063 primum
551 2987 589 3045 ut
611 2982 681 3065 ipse
706 2987 742 3046 tu
766 2982 878 3065 tuique
897 3004 1018 3066 omnes,
1042 2981 1155 3046 deinde
1178 2984 1216 3044 ut
1240 2979 1339 3044 etiam
1361 2979 1478 3064 reliqui

200 3087 282 3153 scire
310 3087 438 3170 possint
465 3109 516 3149 me
544 3087 605 3151 tibi
638 3109 708 3152 esse
737 3087 984 3173 amicissimum,
1016 3088 1102 3172 quod
1129 3086 1247 3170 quibus
1280 3084 1386 3152 adhuc
1413 3109 1478 3152 non

199 3194 280 3258 satis
304 3197 355 3257 est
378 3197 594 3276 perspectum,
618 3194 646 3257 ei
670 3193 750 3258 mihi
770 3194 858 3259 nolle
877 3195 982 3279 magis
1001 3215 1061 3259 nos
1080 3193 1142 3258 hoc
1162 3192 1270 3257 auimo
1289 3214 1361 3256 esse
1381 3214 1479 3276 quam

198 3322 264 3364 non
288 3299 476 3383 intellegere
506 3298 668 3384 videntur,
695 3301 751 3365 sed
774 3301 921 3385 profecto
949 3300 1153 3387 intellegent,
1183 3319 1286 3382 neque
1311 3298 1398 3363 euim
1423 3300 1535 3366 obab

200 3406 302 3471 scuris
318 3405 465 3489 personis
484 3428 542 3470 uec
562 3407 671 3491 parvis
689 3408 723 3471 in
743 3409 848 3472 causis
869 3429 919 3472 res
938 3412 1063 3493 agetur.
1099 3406 1154 3470 sed
1173 3405 1253 3471 haee
1272 3404 1344 3470 fieri
1362 3404 1482 3472 melius

164 3532 298 3597 aquarn
326 3512 389 3576 dici
417 3520 474 3576 aut
501 3512 599 3577 scribi
628 3514 709 3579 volo.
752 3515 837 3598 qnod
872 3514 1025 3578 itinerum
1054 3534 1199 3578 meorum
1227 3511 1312 3575 ratio
1341 3514 1375 3579 te
1401 3535 1482 3578 uon-

198 3619 322 3683 nullam
346 3619 379 3681 in
403 3617 640 3684 dubitationem
664 3621 791 3685 videtur
814 3622 985 3704 adducere,
1013 3619 1182 3684 visurusne
1206 3639 1257 3682 me
1281 3616 1326 3682 sis
1350 3616 1386 3682 in
1408 3640 1483 3702 pro

200 3725 318 3808 vincia,
346 3747 384 3789 ea
411 3746 462 3789 res
489 3725 537 3791 sic
565 3747 600 3790 se
627 3724 739 3789 habet:
766 3724 932 3791 Brundisii
961 3748 1035 3791 curn
1065 3725 1216 3809 loquerer
1243 3744 1318 3788 curn
1345 3721 1483 3810 Phania,

199 3831 318 3895 liberte
343 3834 409 3914 tua,
433 3831 506 3894 veni
528 3831 563 3895 in
586 3854 661 3895 eum
680 3853 871 3912 sermonem,
896 3838 933 3897 ut
951 3832 1091 3898 dicerem
1114 3852 1166 3895 me
1189 3829 1329 3896 libenter
1347 3830 1389 3895 ad
1407 3853 1482 3897 eam

200 3941 327 4020 partem
359 3937 544 4020 provinciae
575 3937 718 4021 primum
747 3960 816 4002 esse
849 3945 1036 4024 venturum,
1068 3959 1132 4023 quo
1160 3941 1194 4001 te
1227 3936 1368 4001 maxime
1398 3937 1482 4003 velle

204 4084 414 4093 ——-—-—----

289 4173 313 4221 3.
334 4165 495 4219 conueneris
515 4167 550 4218 M
575 4168 584 4233 ΙΙ
612 4171 635 4218 4.
660 4168 772 4233 gratum
796 4167 859 4221 uale
884 4168 910 4222 G
937 4170 946 4237 ll
974 4174 998 4222 8.
1018 4166 1129 4221 homine
1149 4167 1177 4222 R
1204 4168 1213 4233 ll
1242 4170 1284 4219 12.
1304 4164 1339 4218 de
1361 4182 1412 4220 om.
1433 4168 1484 4235 al

204 4243 242 4291 13.
263 4236 429 4305 scripseram
449 4236 517 4302 GR,
543 4235 713 4304 scripserim,
737 4239 784 4292 sed
807 4237 890 4291 serim
910 4241 940 4292 ia
958 4257 1013 4295 ros.
1033 4240 1092 4303 M⁰‚
1112 4239 1149 4291 M
1167 4240 1177 4305 ΙΙ
1201 4241 1242 4290 18.
1262 4234 1484 4306 restitueresque

202 4308 374 4371 (restitueres
392 4325 413 4361 e.
435 4324 470 4361 rs.
490 4325 507 4360 α
522 4307 574 4374 12²)
592 4309 631 4374 a,
654 4307 910 4377 praestitueresque
932 4310 1016 4365 Orelli
1038 4312 1047 4378 ΙΙ
1074 4314 1114 4363 19.
1133 4324 1248 4377 parares
1268 4307 1337 4374 GR,
1362 4323 1482 4378 praepa·

202 4395 290 4446 rares,
316 4380 362 4433 sed
385 4381 416 4432 in
440 4394 492 4431 ras.
512 4396 530 4431 a
550 4379 611 4445 ΜΟ,
636 4379 676 4432 Μ.
702 4381 770 4448 ipsis
788 4381 877 4450 Appii
901 4382 1000 4435 litteras
1022 4398 1083 4435 cam
1105 4395 1258 4446 careamus,
1288 4380 1422 4433 incertam
1445 4386 1483 4435 est

202 4451 300 4518 quibam
322 4451 401 4504 rebar
421 4449 512 4504 (lieno
531 4450 654 4518 Appium
676 4451 730 4504 sibi
751 4453 907 4520 qratificari
925 4453 1039 4507 columae
1057 4452 1201 4522 siqnifioet,
1228 4452 1321 4519 itaque
1343 4466 1377 4503 ne
1400 4450 1483 4504 resti-

202 4523 350 4587 tueresque
369 4521 476 4589 quidem
494 4522 678 4589 temptandam
693 4523 758 4589 1120.
778 4521 883 4593 dicam]
904 4523 1004 4576 ducam
1018 4524 1171 4577 Lambinus
1185 4524 1194 4589 ΙΙ
1208 4526 1251 4574 23.
1265 4535 1328 4573 esse
1342 4536 1393 4574 om.
1409 4521 1466 4576 GR
1474 4522 1484 4591 ll

203 4597 248 4670 24,
265 4591 453 4661 perspectum]
472 4590 657 4660 perscriptum
676 4594 702 4644 a
720 4595 729 4660 l
747 4591 785 4662 ei]
805 4592 835 4645 hi
854 4595 888 4660 a,
909 4593 929 4647 ii
949 4597 1043 4662 ς1126.
1064 4596 1163 4663 agetur
1181 4594 1223 4658 M,
1246 4596 1272 4646 et
1290 4590 1330 4645 Εἰ
1348 4608 1383 4645 eoe
1401 4609 1481 4657 corr,

203 4663 297 4729 agitur
318 4661 384 4716 613¹
403 4664 413 4729 l
431 4667 472 4715 Ἡ.
492 4679 546 4729 que
566 4669 628 4731 post
648 4679 772 4716 meorum
790 4680 826 4717 er.
845 4667 877 4717 ia
895 4666 931 4717 M
946 4667 956 4732 ll
974 4670 1015 4719 29.
1036 4663 1077 4718 sio
1097 4681 1125 4717 se
1144 4664 1181 4732 R,
1206 4663 1246 4716 sic
1265 4660 1289 4715 si
1308 4663 1431 4717 radendo
1450 4680 1485 4718 ea

204 4730 301 4784 sicsic
323 4733 367 4795 M,
391 4749 421 4783 sc
440 4731 479 4784 sic
501 4734 534 4786 G.
561 4732 601 4786 sic
625 4735 683 4788 olii.
712 4735 747 4799 cs.
767 4734 889 4789 &barole
908 4736 939 4789 Z.
953 4737 975 4803 s.
989 4738 1016 4790 d.
1034 4737 1133 4807 Gymn.
1148 4732 1249 4788 XXXV
1264 4751 1294 4802 p.
1311 4737 1362 4786 134
1385 4735 1395 4802 ll
1419 4733 1483 4788 bru·

204 4800 283 4856 durii
304 4803 335 4854 nl
354 4804 362 4867 ll
383 4800 507 4872 phauniu
527 4803 581 4857 GR
