<?xml version="1.0" encoding="UTF-8"?>
<!DOCTYPE html PUBLIC "-//W3C//DTD XHTML 1.0 Transitional//EN"
    "http://www.w3.org/TR/xhtml1/DTD/xhtml1-transitional.dtd">
<html xmlns="http://www.w3.org/1999/xhtml" xml:lang="en" lang="en">
 <head>
  <title>
</title>
<meta http-equiv="Content-Type" content="text/html;charset=utf-8" />
  <meta name='ocr-system' content='tesseract 3.04.00' />
  <meta name='ocr-capabilities' content='ocr_page ocr_carea ocr_par ocr_line ocrx_word'/>
</head>
<body>
  <div class='ocr_page' id='page_1' title='image "./mtulliciceronis00koergoog_0247.png"; bbox 0 0 3314 5460; ppageno 0'>
   <div class='ocr_carea' id='block_1_1' title="bbox 198 353 1021 422">
    <p class='ocr_par' dir='ltr' id='par_1_1' title="bbox 198 353 1021 422">
     <span class='ocr_line' id='line_1_1' title="bbox 198 353 1021 422; baseline -0.018 0"><span class='ocrx_word' id='word_1_1' title='bbox 198 359 263 422; x_wconf 82' lang='grc'>208</span> <span class='ocrx_word' id='word_1_2' title='bbox 649 358 686 414; x_wconf 90' lang='lat' dir='ltr'>M.</span> <span class='ocrx_word' id='word_1_3' title='bbox 706 356 813 410; x_wconf 87' lang='lat' dir='ltr'>TVLLI</span> <span class='ocrx_word' id='word_1_4' title='bbox 831 353 1021 409; x_wconf 74' lang='lat' dir='ltr'>CICERONIS</span> 
     </span>
    </p>
   </div>
   <div class='ocr_carea' id='block_1_2' title="bbox 199 513 1521 1247">
    <p class='ocr_par' dir='ltr' id='par_1_2' title="bbox 199 513 1521 1247">
     <span class='ocr_line' id='line_1_2' title="bbox 199 513 1521 607; baseline -0.002 -21"><span class='ocrx_word' id='word_1_5' title='bbox 199 544 301 605; x_wconf 91' lang='lat' dir='ltr'>neque</span> <span class='ocrx_word' id='word_1_6' title='bbox 334 522 373 585; x_wconf 90' lang='lat' dir='ltr'>de</span> <span class='ocrx_word' id='word_1_7' title='bbox 407 543 525 607; x_wconf 86' lang='lat' dir='ltr'>magns</span> <span class='ocrx_word' id='word_1_8' title='bbox 556 543 666 586; x_wconf 89' lang='lat' dir='ltr'>causa:</span> <span class='ocrx_word' id='word_1_9' title='bbox 699 518 878 602; x_wconf 84' lang='lat' dir='ltr'>Bellienus,</span> <span class='ocrx_word' id='word_1_10' title='bbox 910 540 1009 582; x_wconf 81' lang='lat' dir='ltr'>verna</span> <span class='ocrx_word' id='word_1_11' title='bbox 1039 515 1211 599; x_wconf 80' lang='lat' dir='ltr'>Demetrii,</span> <span class='ocrx_word' id='word_1_12' title='bbox 1243 514 1301 598; x_wconf 89' lang='lat' dir='ltr'>qui</span> <span class='ocrx_word' id='word_1_13' title='bbox 1327 513 1376 578; x_wconf 91' lang='lat' dir='ltr'>ibi</span> <span class='ocrx_word' id='word_1_14' title='bbox 1405 535 1521 583; x_wconf 71' lang='lat' dir='ltr'>curn</span> 
     </span>
     <span class='ocr_line' id='line_1_3' title="bbox 200 619 1521 712; baseline -0.005 -23"><span class='ocrx_word' id='word_1_15' title='bbox 200 628 360 712; x_wconf 87' lang='lat' dir='ltr'>praesidio</span> <span class='ocrx_word' id='word_1_16' title='bbox 380 634 458 712; x_wconf 89' lang='lat' dir='ltr'>erat,</span> <span class='ocrx_word' id='word_1_17' title='bbox 482 627 665 693; x_wconf 90' lang='lat' dir='ltr'>Domitium</span> <span class='ocrx_word' id='word_1_18' title='bbox 689 627 859 712; x_wconf 84' lang='lat' dir='ltr'>quendam,</span> <span class='ocrx_word' id='word_1_19' title='bbox 882 625 1027 689; x_wconf 89' lang='lat' dir='ltr'>nobilem</span> <span class='ocrx_word' id='word_1_20' title='bbox 1050 622 1108 706; x_wconf 91' lang='lat' dir='ltr'>illi,</span> <span class='ocrx_word' id='word_1_21' title='bbox 1131 619 1280 686; x_wconf 85' lang='lat' dir='ltr'>Caesaris</span> <span class='ocrx_word' id='word_1_22' title='bbox 1303 619 1521 706; x_wconf 76' lang='lat' dir='ltr'>hospitem,</span> 
     </span>
     <span class='ocr_line' id='line_1_4' title="bbox 200 727 1506 815; baseline -0.006 -17"><span class='ocrx_word' id='word_1_23' title='bbox 200 759 220 798; x_wconf 89' lang='lat' dir='ltr'>a</span> <span class='ocrx_word' id='word_1_24' title='bbox 247 735 410 799; x_wconf 87' lang='lat' dir='ltr'>contraria</span> <span class='ocrx_word' id='word_1_25' title='bbox 438 734 579 798; x_wconf 87' lang='lat' dir='ltr'>factione</span> <span class='ocrx_word' id='word_1_26' title='bbox 609 734 752 798; x_wconf 88' lang='lat' dir='ltr'>nummis</span> <span class='ocrx_word' id='word_1_27' title='bbox 783 732 925 815; x_wconf 86' lang='lat' dir='ltr'>acceptis</span> <span class='ocrx_word' id='word_1_28' title='bbox 958 729 1151 814; x_wconf 80' lang='lat' dir='ltr'>conprendit</span> <span class='ocrx_word' id='word_1_29' title='bbox 1171 732 1215 803; x_wconf 61' lang='lat' dir='ltr'>‚st</span> <span class='ocrx_word' id='word_1_30' title='bbox 1243 727 1468 812; x_wconf 75' lang='lat' dir='ltr'>strangulavit</span> <span class='ocrx_word' id='word_1_31' title='bbox 1481 755 1506 813; x_wconf 87' lang='lat'>‚-</span> 
     </span>
     <span class='ocr_line' id='line_1_5' title="bbox 200 834 1496 925; baseline -0.004 -19"><span class='ocrx_word' id='word_1_32' title='bbox 200 842 315 906; x_wconf 87' lang='lat' dir='ltr'>civitas</span> <span class='ocrx_word' id='word_1_33' title='bbox 335 842 375 905; x_wconf 89' lang='lat' dir='ltr'>ad</span> <span class='ocrx_word' id='word_1_34' title='bbox 394 864 484 906; x_wconf 88' lang='lat' dir='ltr'>arma</span> <span class='ocrx_word' id='word_1_35' title='bbox 502 841 555 925; x_wconf 89' lang='lat' dir='ltr'>iit;</span> <span class='ocrx_word' id='word_1_36' title='bbox 579 864 616 906; x_wconf 88' lang='lat' dir='ltr'>eo</span> <span class='ocrx_word' id='word_1_37' title='bbox 635 841 743 924; x_wconf 91' lang='lat' dir='ltr'>†num</span> <span class='ocrx_word' id='word_1_38' title='bbox 759 838 951 904; x_wconf 82' lang='lat' dir='ltr'>cohortibus</span> <span class='ocrx_word' id='word_1_39' title='bbox 970 837 1050 901; x_wconf 91' lang='lat' dir='ltr'>mihi</span> <span class='ocrx_word' id='word_1_40' title='bbox 1069 858 1127 920; x_wconf 89' lang='lat' dir='ltr'>per</span> <span class='ocrx_word' id='word_1_41' title='bbox 1146 836 1238 900; x_wconf 81' lang='lat' dir='ltr'>nives</span> <span class='ocrx_word' id='word_1_42' title='bbox 1257 834 1403 899; x_wconf 88' lang='lat' dir='ltr'>eundum</span> <span class='ocrx_word' id='word_1_43' title='bbox 1421 840 1496 901; x_wconf 81' lang='lat' dir='ltr'>est.</span> 
     </span>
     <span class='ocr_line' id='line_1_6' title="bbox 200 940 1521 1032; baseline -0.008 -19"><span class='ocrx_word' id='word_1_44' title='bbox 200 949 318 1032; x_wconf 76' lang='lat' dir='ltr'>‘usque</span> <span class='ocrx_word' id='word_1_45' title='bbox 341 947 493 1032; x_wconf 86' lang='lat' dir='ltr'>quaque,&#39;</span> <span class='ocrx_word' id='word_1_46' title='bbox 525 947 647 1032; x_wconf 92' lang='lat' dir='ltr'>inquis,</span> <span class='ocrx_word' id='word_1_47' title='bbox 680 947 731 1011; x_wconf 75' lang='lat' dir='ltr'>‘se</span> <span class='ocrx_word' id='word_1_48' title='bbox 760 945 898 1011; x_wconf 90' lang='lat' dir='ltr'>Domitii</span> <span class='ocrx_word' id='word_1_49' title='bbox 930 944 1015 1009; x_wconf 87' lang='lat' dir='ltr'>male</span> <span class='ocrx_word' id='word_1_50' title='bbox 1047 941 1148 1007; x_wconf 85' lang='lat' dir='ltr'>dant&#39;</span> <span class='ocrx_word' id='word_1_51' title='bbox 1201 942 1320 1007; x_wconf 81' lang='lat' dir='ltr'>vellem</span> <span class='ocrx_word' id='word_1_52' title='bbox 1349 940 1521 1024; x_wconf 72' lang='lat' dir='ltr'>quidemr</span> 
     </span>
     <span class='ocr_line' id='line_1_7' title="bbox 201 1047 1478 1140; baseline -0.006 -22"><span class='ocrx_word' id='word_1_53' title='bbox 201 1055 326 1120; x_wconf 88' lang='lat' dir='ltr'>Venere</span> <span class='ocrx_word' id='word_1_54' title='bbox 346 1060 525 1140; x_wconf 83' lang='lat' dir='ltr'>prognatus</span> <span class='ocrx_word' id='word_1_55' title='bbox 546 1060 674 1119; x_wconf 89' lang='lat' dir='ltr'>tantum</span> <span class='ocrx_word' id='word_1_56' title='bbox 697 1053 797 1119; x_wconf 87' lang='lat' dir='ltr'>animi</span> <span class='ocrx_word' id='word_1_57' title='bbox 820 1053 990 1117; x_wconf 87' lang='lat' dir='ltr'>habuisset</span> <span class='ocrx_word' id='word_1_58' title='bbox 1013 1051 1046 1115; x_wconf 93' lang='lat' dir='ltr'>in</span> <span class='ocrx_word' id='word_1_59' title='bbox 1071 1054 1179 1114; x_wconf 81' lang='lat' dir='ltr'>restro</span> <span class='ocrx_word' id='word_1_60' title='bbox 1198 1047 1358 1132; x_wconf 90' lang='lat' dir='ltr'>Domitio,</span> <span class='ocrx_word' id='word_1_61' title='bbox 1383 1069 1478 1132; x_wconf 88' lang='lat' dir='ltr'>qnan-</span> 
     </span>
     <span class='ocr_line' id='line_1_8' title="bbox 200 1156 1174 1247; baseline -0.006 -21"><span class='ocrx_word' id='word_1_62' title='bbox 200 1168 268 1227; x_wconf 90' lang='lat' dir='ltr'>tum</span> <span class='ocrx_word' id='word_1_63' title='bbox 294 1163 431 1247; x_wconf 90' lang='lat' dir='ltr'>psacade</span> <span class='ocrx_word' id='word_1_64' title='bbox 454 1166 551 1226; x_wconf 89' lang='lat' dir='ltr'>natus</span> <span class='ocrx_word' id='word_1_65' title='bbox 573 1161 607 1226; x_wconf 91' lang='lat' dir='ltr'>in</span> <span class='ocrx_word' id='word_1_66' title='bbox 632 1163 694 1227; x_wconf 92' lang='lat' dir='ltr'>hoc</span> <span class='ocrx_word' id='word_1_67' title='bbox 717 1160 841 1225; x_wconf 87' lang='lat' dir='ltr'>habuit.</span> <span class='ocrx_word' id='word_1_68' title='bbox 887 1158 1037 1224; x_wconf 77' lang='lat' dir='ltr'>Ciceroni</span> <span class='ocrx_word' id='word_1_69' title='bbox 1059 1156 1081 1221; x_wconf 84' lang='lat' dir='ltr'>f.</span> <span class='ocrx_word' id='word_1_70' title='bbox 1101 1180 1126 1221; x_wconf 89' lang='lat' dir='ltr'>s.</span> <span class='ocrx_word' id='word_1_71' title='bbox 1145 1157 1174 1221; x_wconf 87' lang='lat' dir='ltr'>d.</span> 
     </span>
    </p>
   </div>
   <div class='ocr_carea' id='block_1_3' title="bbox 601 1407 1082 1636">
    <p class='ocr_par' dir='ltr' id='par_1_3' title="bbox 601 1407 1082 1636">
     <span class='ocr_line' id='line_1_9' title="bbox 728 1407 953 1495; baseline -0.009 -21"><span class='ocrx_word' id='word_1_72' title='bbox 728 1409 815 1474; x_wconf 80' lang='lat' dir='ltr'>xvi.</span> <span class='ocrx_word' id='word_1_73' title='bbox 848 1407 953 1495; x_wconf 78' lang='lat'>(161.)</span> 
     </span>
     <span class='ocr_line' id='line_1_10' title="bbox 601 1564 1082 1636; baseline -0.008 0"><span class='ocrx_word' id='word_1_74' title='bbox 601 1564 788 1636; x_wconf 75' lang='lat' dir='ltr'>casurus</span> <span class='ocrx_word' id='word_1_75' title='bbox 813 1567 1024 1636; x_wconf 81' lang='lat' dir='ltr'>crossum</span> <span class='ocrx_word' id='word_1_76' title='bbox 1049 1567 1082 1634; x_wconf 92' lang='lat' dir='ltr'>s.</span> 
     </span>
    </p>
   </div>
   <div class='ocr_carea' id='block_1_4' title="bbox 166 1726 1521 3097">
    <p class='ocr_par' dir='ltr' id='par_1_4' title="bbox 171 1726 1521 2990">
     <span class='ocr_line' id='line_1_11' title="bbox 171 1726 1511 1815; baseline -0.003 -23"><span class='ocrx_word' id='word_1_77' title='bbox 171 1748 182 1792; x_wconf 90' lang='lat'>1</span> <span class='ocrx_word' id='word_1_78' title='bbox 291 1730 505 1795; x_wconf 85' lang='lat' dir='ltr'>Exanimutus</span> <span class='ocrx_word' id='word_1_79' title='bbox 534 1731 599 1795; x_wconf 87' lang='lat' dir='ltr'>tuis</span> <span class='ocrx_word' id='word_1_80' title='bbox 628 1731 762 1814; x_wconf 86' lang='lat' dir='ltr'>litteris,</span> <span class='ocrx_word' id='word_1_81' title='bbox 795 1730 913 1815; x_wconf 91' lang='lat' dir='ltr'>quibus</span> <span class='ocrx_word' id='word_1_82' title='bbox 941 1734 974 1793; x_wconf 90' lang='lat' dir='ltr'>te</span> <span class='ocrx_word' id='word_1_83' title='bbox 1000 1728 1082 1792; x_wconf 87' lang='lat' dir='ltr'>nihil</span> <span class='ocrx_word' id='word_1_84' title='bbox 1112 1727 1175 1792; x_wconf 90' lang='lat' dir='ltr'>nisi</span> <span class='ocrx_word' id='word_1_85' title='bbox 1204 1727 1301 1793; x_wconf 87' lang='lat' dir='ltr'>triste</span> <span class='ocrx_word' id='word_1_86' title='bbox 1330 1726 1475 1812; x_wconf 84' lang='lat' dir='ltr'>cogitare</span> <span class='ocrx_word' id='word_1_87' title='bbox 1488 1749 1511 1788; x_wconf 83' lang='lat' dir='ltr'>u</span> 
     </span>
     <span class='ocr_line' id='line_1_12' title="bbox 205 1832 1476 1922; baseline -0.003 -22"><span class='ocrx_word' id='word_1_88' title='bbox 205 1837 375 1901; x_wconf 87' lang='lat' dir='ltr'>ostendisti</span> <span class='ocrx_word' id='word_1_89' title='bbox 398 1860 511 1922; x_wconf 91' lang='lat' dir='ltr'>neque,</span> <span class='ocrx_word' id='word_1_90' title='bbox 532 1837 565 1900; x_wconf 92' lang='lat' dir='ltr'>id</span> <span class='ocrx_word' id='word_1_91' title='bbox 590 1838 667 1920; x_wconf 91' lang='lat' dir='ltr'>qnid</span> <span class='ocrx_word' id='word_1_92' title='bbox 690 1843 785 1920; x_wconf 89' lang='lat' dir='ltr'>esset,</span> <span class='ocrx_word' id='word_1_93' title='bbox 809 1836 999 1921; x_wconf 90' lang='lat' dir='ltr'>perscripsti</span> <span class='ocrx_word' id='word_1_94' title='bbox 1022 1857 1125 1920; x_wconf 87' lang='lat' dir='ltr'>neque</span> <span class='ocrx_word' id='word_1_95' title='bbox 1148 1857 1213 1899; x_wconf 92' lang='lat' dir='ltr'>non</span> <span class='ocrx_word' id='word_1_96' title='bbox 1238 1839 1361 1916; x_wconf 85' lang='lat' dir='ltr'>tamen,</span> <span class='ocrx_word' id='word_1_97' title='bbox 1384 1832 1476 1918; x_wconf 89' lang='lat' dir='ltr'>quale</span> 
     </span>
     <span class='ocr_line' id='line_1_13' title="bbox 204 1938 1480 2028; baseline -0.003 -22"><span class='ocrx_word' id='word_1_98' title='bbox 204 1948 304 2028; x_wconf 87' lang='lat' dir='ltr'>esset,</span> <span class='ocrx_word' id='word_1_99' title='bbox 337 1945 423 2028; x_wconf 91' lang='lat' dir='ltr'>quod</span> <span class='ocrx_word' id='word_1_100' title='bbox 456 1945 630 2028; x_wconf 84' lang='lat' dir='ltr'>cogitares,</span> <span class='ocrx_word' id='word_1_101' title='bbox 663 1944 834 2028; x_wconf 85' lang='lat' dir='ltr'>aperuisti,</span> <span class='ocrx_word' id='word_1_102' title='bbox 865 1944 925 2007; x_wconf 88' lang='lat' dir='ltr'>has</span> <span class='ocrx_word' id='word_1_103' title='bbox 953 1943 993 2007; x_wconf 89' lang='lat' dir='ltr'>ad</span> <span class='ocrx_word' id='word_1_104' title='bbox 1022 1946 1055 2006; x_wconf 90' lang='lat' dir='ltr'>te</span> <span class='ocrx_word' id='word_1_105' title='bbox 1085 1940 1161 2006; x_wconf 90' lang='lat' dir='ltr'>ilico</span> <span class='ocrx_word' id='word_1_106' title='bbox 1194 1941 1324 2006; x_wconf 87' lang='lat' dir='ltr'>litteras</span> <span class='ocrx_word' id='word_1_107' title='bbox 1355 1938 1480 2024; x_wconf 73' lang='lat' dir='ltr'>scripsi</span> 
     </span>
     <span class='ocr_line' id='line_1_14' title="bbox 204 2046 1480 2136; baseline -0.002 -23"><span class='ocrx_word' id='word_1_108' title='bbox 204 2072 261 2134; x_wconf 89' lang='lat' dir='ltr'>per</span> <span class='ocrx_word' id='word_1_109' title='bbox 283 2049 433 2115; x_wconf 82' lang='lat' dir='ltr'>fortunas</span> <span class='ocrx_word' id='word_1_110' title='bbox 458 2056 541 2136; x_wconf 88' lang='lat' dir='ltr'>tuas,</span> <span class='ocrx_word' id='word_1_111' title='bbox 564 2049 687 2135; x_wconf 88' lang='lat' dir='ltr'>Cicer0,</span> <span class='ocrx_word' id='word_1_112' title='bbox 711 2074 768 2135; x_wconf 87' lang='lat' dir='ltr'>per</span> <span class='ocrx_word' id='word_1_113' title='bbox 791 2050 912 2115; x_wconf 90' lang='lat' dir='ltr'>liberos</span> <span class='ocrx_word' id='word_1_114' title='bbox 937 2072 994 2115; x_wconf 90' lang='lat' dir='ltr'>oro</span> <span class='ocrx_word' id='word_1_115' title='bbox 1019 2049 1164 2130; x_wconf 86' lang='lat' dir='ltr'>obsecro,</span> <span class='ocrx_word' id='word_1_116' title='bbox 1186 2047 1325 2133; x_wconf 87' lang='lat' dir='ltr'>nequid</span> <span class='ocrx_word' id='word_1_117' title='bbox 1349 2046 1480 2133; x_wconf 82' lang='lat' dir='ltr'>gravius</span> 
     </span>
     <span class='ocr_line' id='line_1_15' title="bbox 203 2154 1483 2240; baseline -0.002 -20"><span class='ocrx_word' id='word_1_118' title='bbox 203 2157 242 2220; x_wconf 89' lang='lat' dir='ltr'>de</span> <span class='ocrx_word' id='word_1_119' title='bbox 266 2158 370 2222; x_wconf 85' lang='lat' dir='ltr'>salute</span> <span class='ocrx_word' id='word_1_120' title='bbox 394 2162 427 2221; x_wconf 94' lang='lat' dir='ltr'>et</span> <span class='ocrx_word' id='word_1_121' title='bbox 451 2158 676 2223; x_wconf 84' lang='lat' dir='ltr'>incolumitate</span> <span class='ocrx_word' id='word_1_122' title='bbox 699 2163 756 2222; x_wconf 91' lang='lat' dir='ltr'>tua</span> <span class='ocrx_word' id='word_1_123' title='bbox 781 2157 946 2240; x_wconf 75' lang='lat' dir='ltr'>consulas,</span> <span class='ocrx_word' id='word_1_124' title='bbox 969 2179 1046 2221; x_wconf 88' lang='lat' dir='ltr'>nam</span> <span class='ocrx_word' id='word_1_125' title='bbox 1069 2156 1146 2220; x_wconf 89' lang='lat' dir='ltr'>deos</span> <span class='ocrx_word' id='word_1_126' title='bbox 1169 2154 1387 2238; x_wconf 84' lang='lat' dir='ltr'>hominesque</span> <span class='ocrx_word' id='word_1_127' title='bbox 1406 2154 1483 2218; x_wconf 88' lang='lat' dir='ltr'>smi-</span> 
     </span>
     <span class='ocr_line' id='line_1_16' title="bbox 202 2263 1520 2349; baseline -0.004 -22"><span class='ocrx_word' id='word_1_128' title='bbox 202 2264 377 2349; x_wconf 89' lang='lat' dir='ltr'>citiamque</span> <span class='ocrx_word' id='word_1_129' title='bbox 409 2270 558 2330; x_wconf 86' lang='lat' dir='ltr'>nostram</span> <span class='ocrx_word' id='word_1_130' title='bbox 591 2265 751 2330; x_wconf 84' lang='lat' dir='ltr'>testificor</span> <span class='ocrx_word' id='word_1_131' title='bbox 780 2287 830 2329; x_wconf 90' lang='lat' dir='ltr'>me</span> <span class='ocrx_word' id='word_1_132' title='bbox 858 2264 920 2328; x_wconf 91' lang='lat' dir='ltr'>tibi</span> <span class='ocrx_word' id='word_1_133' title='bbox 949 2263 1101 2348; x_wconf 83' lang='lat' dir='ltr'>praedire</span> <span class='ocrx_word' id='word_1_134' title='bbox 1129 2285 1234 2346; x_wconf 90' lang='lat' dir='ltr'>neque</span> <span class='ocrx_word' id='word_1_135' title='bbox 1262 2266 1389 2327; x_wconf 90' lang='lat' dir='ltr'>temere</span> <span class='ocrx_word' id='word_1_136' title='bbox 1420 2282 1484 2325; x_wconf 83' lang='lat' dir='ltr'>mo</span> <span class='ocrx_word' id='word_1_137' title='bbox 1498 2283 1520 2322; x_wconf 82' lang='lat' dir='ltr'>u</span> 
     </span>
     <span class='ocr_line' id='line_1_17' title="bbox 201 2369 1486 2456; baseline -0.001 -22"><span class='ocrx_word' id='word_1_138' title='bbox 201 2371 325 2454; x_wconf 91' lang='lat' dir='ltr'>nuisse,</span> <span class='ocrx_word' id='word_1_139' title='bbox 357 2373 427 2454; x_wconf 90' lang='lat' dir='ltr'>sed,</span> <span class='ocrx_word' id='word_1_140' title='bbox 459 2376 634 2456; x_wconf 88' lang='lat' dir='ltr'>postquam</span> <span class='ocrx_word' id='word_1_141' title='bbox 665 2370 837 2436; x_wconf 82' lang='lat' dir='ltr'>Caesarem</span> <span class='ocrx_word' id='word_1_142' title='bbox 871 2371 1077 2436; x_wconf 84' lang='lat' dir='ltr'>convenerim</span> <span class='ocrx_word' id='word_1_143' title='bbox 1110 2370 1374 2453; x_wconf 84' lang='lat' dir='ltr'>sententiamque</span> <span class='ocrx_word' id='word_1_144' title='bbox 1407 2369 1486 2453; x_wconf 89' lang='lat' dir='ltr'>eius,</span> 
     </span>
     <span class='ocr_line' id='line_1_18' title="bbox 202 2477 1485 2564; baseline -0.002 -23"><span class='ocrx_word' id='word_1_145' title='bbox 202 2479 307 2561; x_wconf 86' lang='lat' dir='ltr'>qualis</span> <span class='ocrx_word' id='word_1_146' title='bbox 335 2479 446 2543; x_wconf 88' lang='lat' dir='ltr'>futura</span> <span class='ocrx_word' id='word_1_147' title='bbox 474 2484 560 2543; x_wconf 90' lang='lat' dir='ltr'>esset</span> <span class='ocrx_word' id='word_1_148' title='bbox 588 2483 683 2562; x_wconf 87' lang='lat' dir='ltr'>parta</span> <span class='ocrx_word' id='word_1_149' title='bbox 707 2480 857 2562; x_wconf 89' lang='lat' dir='ltr'>victoria,</span> <span class='ocrx_word' id='word_1_150' title='bbox 887 2479 1071 2564; x_wconf 90' lang='lat' dir='ltr'>cognorim,</span> <span class='ocrx_word' id='word_1_151' title='bbox 1099 2482 1133 2541; x_wconf 90' lang='lat' dir='ltr'>te</span> <span class='ocrx_word' id='word_1_152' title='bbox 1157 2477 1330 2542; x_wconf 88' lang='lat' dir='ltr'>certiorem</span> <span class='ocrx_word' id='word_1_153' title='bbox 1359 2477 1485 2542; x_wconf 87' lang='lat' dir='ltr'>fecisse.</span> 
     </span>
     <span class='ocr_line' id='line_1_19' title="bbox 201 2583 1485 2655; baseline 0.001 -8"><span class='ocrx_word' id='word_1_154' title='bbox 201 2585 227 2647; x_wconf 89' lang='lat' dir='ltr'>si</span> <span class='ocrx_word' id='word_1_155' title='bbox 258 2585 427 2650; x_wconf 86' lang='lat' dir='ltr'>existimas</span> <span class='ocrx_word' id='word_1_156' title='bbox 456 2587 589 2650; x_wconf 90' lang='lat' dir='ltr'>eandem</span> <span class='ocrx_word' id='word_1_157' title='bbox 618 2587 779 2650; x_wconf 88' lang='lat' dir='ltr'>rationem</span> <span class='ocrx_word' id='word_1_158' title='bbox 807 2585 876 2650; x_wconf 87' lang='lat' dir='ltr'>fore</span> <span class='ocrx_word' id='word_1_159' title='bbox 901 2583 1048 2650; x_wconf 77' lang='lat' dir='ltr'>Caesaris</span> <span class='ocrx_word' id='word_1_160' title='bbox 1079 2585 1114 2647; x_wconf 91' lang='lat' dir='ltr'>in</span> <span class='ocrx_word' id='word_1_161' title='bbox 1131 2584 1348 2655; x_wconf 87' lang='lat' dir='ltr'>¹dimittendis</span> <span class='ocrx_word' id='word_1_162' title='bbox 1377 2584 1485 2648; x_wconf 80' lang='lat' dir='ltr'>sdver-</span> 
     </span>
     <span class='ocr_line' id='line_1_20' title="bbox 203 2691 1484 2777; baseline 0 -23"><span class='ocrx_word' id='word_1_163' title='bbox 203 2692 298 2756; x_wconf 87' lang='lat' dir='ltr'>sariis</span> <span class='ocrx_word' id='word_1_164' title='bbox 326 2696 359 2755; x_wconf 89' lang='lat' dir='ltr'>et</span> <span class='ocrx_word' id='word_1_165' title='bbox 389 2691 633 2756; x_wconf 88' lang='lat' dir='ltr'>condicionibus</span> <span class='ocrx_word' id='word_1_166' title='bbox 663 2692 817 2777; x_wconf 88' lang='lat' dir='ltr'>ferendis,</span> <span class='ocrx_word' id='word_1_167' title='bbox 845 2714 947 2756; x_wconf 88' lang='lat' dir='ltr'>erras:</span> <span class='ocrx_word' id='word_1_168' title='bbox 980 2691 1063 2756; x_wconf 93' lang='lat' dir='ltr'>nihil</span> <span class='ocrx_word' id='word_1_169' title='bbox 1086 2691 1149 2755; x_wconf 89' lang='lat' dir='ltr'>nisi</span> <span class='ocrx_word' id='word_1_170' title='bbox 1174 2695 1268 2755; x_wconf 88' lang='lat' dir='ltr'>atrox</span> <span class='ocrx_word' id='word_1_171' title='bbox 1293 2695 1326 2755; x_wconf 87' lang='lat' dir='ltr'>et</span> <span class='ocrx_word' id='word_1_172' title='bbox 1352 2713 1484 2755; x_wconf 77' lang='lat' dir='ltr'>saevum</span> 
     </span>
     <span class='ocr_line' id='line_1_21' title="bbox 202 2797 1521 2884; baseline -0.003 -22"><span class='ocrx_word' id='word_1_173' title='bbox 202 2799 328 2883; x_wconf 85' lang='lat' dir='ltr'>cogitat</span> <span class='ocrx_word' id='word_1_174' title='bbox 351 2804 448 2882; x_wconf 88' lang='lat' dir='ltr'>atque</span> <span class='ocrx_word' id='word_1_175' title='bbox 472 2799 571 2863; x_wconf 90' lang='lat' dir='ltr'>etiam</span> <span class='ocrx_word' id='word_1_176' title='bbox 599 2799 758 2883; x_wconf 89' lang='lat' dir='ltr'>loquitur:</span> <span class='ocrx_word' id='word_1_177' title='bbox 792 2800 894 2864; x_wconf 88' lang='lat' dir='ltr'>iratus</span> <span class='ocrx_word' id='word_1_178' title='bbox 923 2799 1050 2864; x_wconf 89' lang='lat' dir='ltr'>senatui</span> <span class='ocrx_word' id='word_1_179' title='bbox 1078 2798 1172 2884; x_wconf 83' lang='lat' dir='ltr'>exiit,</span> <span class='ocrx_word' id='word_1_180' title='bbox 1198 2798 1250 2862; x_wconf 92' lang='lat' dir='ltr'>his</span> <span class='ocrx_word' id='word_1_181' title='bbox 1279 2797 1521 2863; x_wconf 67' lang='lat' dir='ltr'>intercessisse</span> 
     </span>
     <span class='ocr_line' id='line_1_22' title="bbox 201 2903 1484 2990; baseline 0.001 -23"><span class='ocrx_word' id='word_1_182' title='bbox 201 2903 297 2969; x_wconf 88' lang='lat' dir='ltr'>nibus</span> <span class='ocrx_word' id='word_1_183' title='bbox 320 2907 415 2989; x_wconf 87' lang='lat' dir='ltr'>plane</span> <span class='ocrx_word' id='word_1_184' title='bbox 439 2906 595 2970; x_wconf 89' lang='lat' dir='ltr'>incitatus</span> <span class='ocrx_word' id='word_1_185' title='bbox 619 2911 682 2990; x_wconf 80' lang='lat' dir='ltr'>est3</span> <span class='ocrx_word' id='word_1_186' title='bbox 715 2928 781 2970; x_wconf 90' lang='lat' dir='ltr'>non</span> <span class='ocrx_word' id='word_1_187' title='bbox 811 2906 1010 2971; x_wconf 89' lang='lat' dir='ltr'>mehercules</span> <span class='ocrx_word' id='word_1_188' title='bbox 1039 2906 1102 2970; x_wconf 90' lang='lat' dir='ltr'>erit</span> <span class='ocrx_word' id='word_1_189' title='bbox 1130 2904 1355 2989; x_wconf 88' lang='lat' dir='ltr'>deprecationi</span> <span class='ocrx_word' id='word_1_190' title='bbox 1384 2905 1484 2969; x_wconf 87' lang='lat' dir='ltr'>locus.</span> 
     </span>
    </p>

    <p class='ocr_par' dir='ltr' id='par_1_5' title="bbox 166 3012 1486 3097">
     <span class='ocr_line' id='line_1_23' title="bbox 166 3012 1486 3097; baseline 0.002 -24"><span class='ocrx_word' id='word_1_191' title='bbox 166 3026 315 3095; x_wconf 78' lang='lat' dir='ltr'>square,</span> <span class='ocrx_word' id='word_1_192' title='bbox 341 3013 368 3075; x_wconf 90' lang='lat' dir='ltr'>si</span> <span class='ocrx_word' id='word_1_193' title='bbox 393 3012 453 3075; x_wconf 88' lang='lat' dir='ltr'>tibi</span> <span class='ocrx_word' id='word_1_194' title='bbox 479 3018 528 3096; x_wconf 87' lang='lat' dir='ltr'>tu,</span> <span class='ocrx_word' id='word_1_195' title='bbox 556 3014 582 3077; x_wconf 90' lang='lat' dir='ltr'>si</span> <span class='ocrx_word' id='word_1_196' title='bbox 609 3014 695 3076; x_wconf 90' lang='lat' dir='ltr'>lilius</span> <span class='ocrx_word' id='word_1_197' title='bbox 720 3014 846 3097; x_wconf 90' lang='lat' dir='ltr'>unicus,</span> <span class='ocrx_word' id='word_1_198' title='bbox 875 3013 904 3076; x_wconf 92' lang='lat' dir='ltr'>si</span> <span class='ocrx_word' id='word_1_199' title='bbox 927 3014 1056 3095; x_wconf 89' lang='lat' dir='ltr'>domus,</span> <span class='ocrx_word' id='word_1_200' title='bbox 1085 3012 1113 3075; x_wconf 93' lang='lat' dir='ltr'>si</span> <span class='ocrx_word' id='word_1_201' title='bbox 1136 3034 1210 3095; x_wconf 89' lang='lat' dir='ltr'>spes</span> <span class='ocrx_word' id='word_1_202' title='bbox 1238 3017 1313 3076; x_wconf 87' lang='lat' dir='ltr'>tuae</span> <span class='ocrx_word' id='word_1_203' title='bbox 1340 3012 1486 3096; x_wconf 87' lang='lat' dir='ltr'>reliquae</span> 
     </span>
    </p>
   </div>
   <div class='ocr_carea' id='block_1_5' title="bbox 197 3238 1485 4165">
    <p class='ocr_par' dir='ltr' id='par_1_6' title="bbox 197 3238 1485 4165">
     <span class='ocr_line' id='line_1_24' title="bbox 293 3238 1485 3308; baseline 0.004 -18"><span class='ocrx_word' id='word_1_204' title='bbox 293 3247 313 3292; x_wconf 92' lang='grc'>1.</span> <span class='ocrx_word' id='word_1_205' title='bbox 334 3238 453 3293; x_wconf 88' lang='lat' dir='ltr'>Bellieni</span> <span class='ocrx_word' id='word_1_206' title='bbox 477 3257 562 3294; x_wconf 88' lang='lat' dir='ltr'>verna</span> <span class='ocrx_word' id='word_1_207' title='bbox 586 3240 744 3295; x_wconf 84' lang='lat' dir='ltr'>Demetrius</span> <span class='ocrx_word' id='word_1_208' title='bbox 764 3242 909 3296; x_wconf 76' lang='lat' dir='ltr'>Hermone</span> <span class='ocrx_word' id='word_1_209' title='bbox 933 3243 949 3295; x_wconf 90' lang='lat' dir='ltr'>l.</span> <span class='ocrx_word' id='word_1_210' title='bbox 969 3258 1004 3308; x_wconf 83' lang='lat' dir='ltr'>c,</span> <span class='ocrx_word' id='word_1_211' title='bbox 1028 3259 1085 3296; x_wconf 67' lang='lat' dir='ltr'>asoa</span> <span class='ocrx_word' id='word_1_212' title='bbox 1107 3247 1184 3296; x_wconf 81' lang='lat' dir='ltr'>recte.</span> <span class='ocrx_word' id='word_1_213' title='bbox 1222 3241 1372 3296; x_wconf 76' lang='lat' dir='ltr'>videndam</span> <span class='ocrx_word' id='word_1_214' title='bbox 1395 3247 1485 3295; x_wconf 70' lang='lat' dir='ltr'>mm</span> 
     </span>
     <span class='ocr_line' id='line_1_25' title="bbox 200 3309 1481 3384; baseline 0.001 -22"><span class='ocrx_word' id='word_1_215' title='bbox 200 3326 267 3363; x_wconf 77' lang='lat' dir='ltr'>aum</span> <span class='ocrx_word' id='word_1_216' title='bbox 285 3309 435 3378; x_wconf 89' lang='lat' dir='ltr'>Billienus,</span> <span class='ocrx_word' id='word_1_217' title='bbox 454 3319 485 3365; x_wconf 84' lang='lat' dir='ltr'>at</span> <span class='ocrx_word' id='word_1_218' title='bbox 503 3311 579 3379; x_wconf 87' lang='lat' dir='ltr'>XVI,</span> <span class='ocrx_word' id='word_1_219' title='bbox 595 3318 642 3380; x_wconf 69' lang='lat'>22,</span> <span class='ocrx_word' id='word_1_220' title='bbox 662 3320 691 3381; x_wconf 76' lang='lat'>2,</span> <span class='ocrx_word' id='word_1_221' title='bbox 709 3314 882 3368; x_wconf 79' lang='lat' dir='ltr'>scribendam</span> <span class='ocrx_word' id='word_1_222' title='bbox 899 3315 953 3367; x_wconf 84' lang='lat' dir='ltr'>sit:</span> <span class='ocrx_word' id='word_1_223' title='bbox 971 3317 1007 3375; x_wconf 76' lang='lat' dir='ltr'>cl&#39;.</span> <span class='ocrx_word' id='word_1_224' title='bbox 1027 3314 1152 3367; x_wconf 79' lang='lat' dir='ltr'>lordon³</span> <span class='ocrx_word' id='word_1_225' title='bbox 1169 3313 1207 3366; x_wconf 86' lang='lat' dir='ltr'>od</span> <span class='ocrx_word' id='word_1_226' title='bbox 1225 3312 1292 3367; x_wconf 78' lang='lat' dir='ltr'>Sall.</span> <span class='ocrx_word' id='word_1_227' title='bbox 1311 3312 1481 3384; x_wconf 73' lang='lat' dir='ltr'>Ia9.104‚1</span> 
     </span>
     <span class='ocr_line' id='line_1_26' title="bbox 201 3381 1485 3450; baseline 0.001 -15"><span class='ocrx_word' id='word_1_228' title='bbox 201 3381 283 3448; x_wconf 81' lang='lat' dir='ltr'>(addc</span> <span class='ocrx_word' id='word_1_229' title='bbox 303 3382 330 3436; x_wconf 89' lang='lat' dir='ltr'>C.</span> <span class='ocrx_word' id='word_1_230' title='bbox 346 3383 371 3434; x_wconf 90' lang='lat' dir='ltr'>I.</span> <span class='ocrx_word' id='word_1_231' title='bbox 387 3383 420 3437; x_wconf 76' lang='lat'>11.</span> <span class='ocrx_word' id='word_1_232' title='bbox 444 3382 505 3435; x_wconf 81' lang='lat' dir='ltr'>xlv</span> <span class='ocrx_word' id='word_1_233' title='bbox 525 3389 611 3438; x_wconf 74' lang='lat'><strong>3328:</strong></span> <span class='ocrx_word' id='word_1_234' title='bbox 642 3383 669 3437; x_wconf 88' lang='lat' dir='ltr'>C.</span> <span class='ocrx_word' id='word_1_235' title='bbox 695 3382 831 3437; x_wconf 86' lang='lat' dir='ltr'>Billienus</span> <span class='ocrx_word' id='word_1_236' title='bbox 860 3382 888 3438; x_wconf 89' lang='lat' dir='ltr'>C.</span> <span class='ocrx_word' id='word_1_237' title='bbox 913 3384 930 3438; x_wconf 91' lang='lat' dir='ltr'>I.</span> <span class='ocrx_word' id='word_1_238' title='bbox 961 3383 1065 3437; x_wconf 90' lang='lat' dir='ltr'>Beatus</span> <span class='ocrx_word' id='word_1_239' title='bbox 1093 3383 1216 3450; x_wconf 84' lang='lat' dir='ltr'>Lunula,</span> <span class='ocrx_word' id='word_1_240' title='bbox 1249 3386 1339 3438; x_wconf 75' lang='lat'>33⁷⁷:</span> <span class='ocrx_word' id='word_1_241' title='bbox 1363 3382 1485 3437; x_wconf 78' lang='lat' dir='ltr'>Billiens</span> 
     </span>
     <span class='ocr_line' id='line_1_27' title="bbox 202 3451 1482 3525; baseline 0.004 -21"><span class='ocrx_word' id='word_1_242' title='bbox 202 3451 325 3506; x_wconf 88' lang='lat' dir='ltr'>mulieris</span> <span class='ocrx_word' id='word_1_243' title='bbox 354 3452 372 3507; x_wconf 89' lang='lat' dir='ltr'>l.</span> <span class='ocrx_word' id='word_1_244' title='bbox 397 3453 507 3521; x_wconf 81' lang='lat' dir='ltr'>Tertia,</span> <span class='ocrx_word' id='word_1_245' title='bbox 539 3454 679 3523; x_wconf 75' lang='grc' dir='ltr'><strong><em>Βιλλιηνὸς</em></strong></span> <span class='ocrx_word' id='word_1_246' title='bbox 705 3456 731 3509; x_wconf 78' lang='grc'>0.</span> <span class='ocrx_word' id='word_1_247' title='bbox 749 3456 771 3509; x_wconf 88' lang='lat' dir='ltr'>I.</span> <span class='ocrx_word' id='word_1_248' title='bbox 788 3456 822 3510; x_wconf 83' lang='lat' dir='ltr'>G.</span> <span class='ocrx_word' id='word_1_249' title='bbox 843 3455 867 3508; x_wconf 97' lang='lat' dir='ltr'>II</span> <span class='ocrx_word' id='word_1_250' title='bbox 887 3460 975 3508; x_wconf 68' lang='lat'>‘2285‘1</span> <span class='ocrx_word' id='word_1_251' title='bbox 1002 3457 1058 3510; x_wconf 83' lang='lat' dir='ltr'>sice</span> <span class='ocrx_word' id='word_1_252' title='bbox 1086 3456 1172 3525; x_wconf 70' lang='lat' dir='ltr'>Many</span> <span class='ocrx_word' id='word_1_253' title='bbox 1201 3454 1482 3511; x_wconf 71' lang='lat' dir='ltr'>‘Bildboserr&#39;ascba’</span> 
     </span>
     <span class='ocr_line' id='line_1_28' title="bbox 197 3524 1484 3596; baseline 0.003 -21"><span class='ocrx_word' id='word_1_254' title='bbox 197 3542 226 3591; x_wconf 84' lang='lat' dir='ltr'>p.</span> <span class='ocrx_word' id='word_1_255' title='bbox 242 3524 403 3594; x_wconf 75' lang='lat' dir='ltr'>200)llqui]</span> <span class='ocrx_word' id='word_1_256' title='bbox 423 3542 476 3593; x_wconf 89' lang='lat' dir='ltr'>que</span> <span class='ocrx_word' id='word_1_257' title='bbox 496 3525 530 3577; x_wconf 93' lang='lat' dir='ltr'>M</span> <span class='ocrx_word' id='word_1_258' title='bbox 556 3528 566 3594; x_wconf 76' lang='lat' dir='ltr'>ll</span> <span class='ocrx_word' id='word_1_259' title='bbox 593 3532 616 3579; x_wconf 72' lang='lat'>2.</span> <span class='ocrx_word' id='word_1_260' title='bbox 636 3524 680 3579; x_wconf 92' lang='lat' dir='ltr'>illi</span> <span class='ocrx_word' id='word_1_261' title='bbox 699 3527 744 3592; x_wconf 87' lang='lat' dir='ltr'>M,</span> <span class='ocrx_word' id='word_1_262' title='bbox 765 3526 824 3579; x_wconf 90' lang='lat' dir='ltr'>illic</span> <span class='ocrx_word' id='word_1_263' title='bbox 842 3543 866 3583; x_wconf 83' lang='grc' dir='ltr'>ς.</span> <span class='ocrx_word' id='word_1_264' title='bbox 896 3528 931 3589; x_wconf 74' lang='lat' dir='ltr'>cf.</span> <span class='ocrx_word' id='word_1_265' title='bbox 951 3526 1126 3596; x_wconf 75' lang='lat' dir='ltr'>Barpp.15</span> <span class='ocrx_word' id='word_1_266' title='bbox 1153 3532 1163 3593; x_wconf 86' lang='grc' dir='ltr'>ΙΙ</span> <span class='ocrx_word' id='word_1_267' title='bbox 1189 3530 1214 3580; x_wconf 81' lang='lat'>8.</span> <span class='ocrx_word' id='word_1_268' title='bbox 1234 3524 1412 3594; x_wconf 78' lang='lat' dir='ltr'>stragulsnit</span> <span class='ocrx_word' id='word_1_269' title='bbox 1430 3525 1484 3593; x_wconf 70' lang='grc' dir='ltr'>ΜὲΙ</span> 
     </span>
     <span class='ocr_line' id='line_1_29' title="bbox 201 3596 1484 3665; baseline 0.003 -19"><span class='ocrx_word' id='word_1_270' title='bbox 201 3600 226 3649; x_wconf 87' lang='grc'>4.</span> <span class='ocrx_word' id='word_1_271' title='bbox 250 3597 328 3665; x_wconf 75' lang='lat' dir='ltr'>num]</span> <span class='ocrx_word' id='word_1_272' title='bbox 353 3599 416 3649; x_wconf 78' lang='lat' dir='ltr'>lutet</span> <span class='ocrx_word' id='word_1_273' title='bbox 440 3598 590 3651; x_wconf 76' lang='lat' dir='ltr'>cohortium</span> <span class='ocrx_word' id='word_1_274' title='bbox 613 3614 759 3651; x_wconf 64' lang='lat' dir='ltr'>surenas:</span> <span class='ocrx_word' id='word_1_275' title='bbox 786 3599 848 3665; x_wconf 70' lang='lat' dir='ltr'>sort.</span> <span class='ocrx_word' id='word_1_276' title='bbox 869 3596 941 3650; x_wconf 91' lang='lat' dir='ltr'>VIII.</span> <span class='ocrx_word' id='word_1_277' title='bbox 970 3614 1045 3650; x_wconf 91' lang='lat' dir='ltr'>nunc</span> <span class='ocrx_word' id='word_1_278' title='bbox 1067 3599 1109 3651; x_wconf 81' lang='lat' dir='ltr'>cel</span> <span class='ocrx_word' id='word_1_279' title='bbox 1132 3614 1206 3650; x_wconf 88' lang='lat' dir='ltr'>nnnc</span> <span class='ocrx_word' id='word_1_280' title='bbox 1224 3596 1237 3624; x_wconf 76' lang='lat'>&#39;</span> <span class='ocrx_word' id='word_1_281' title='bbox 1256 3598 1298 3651; x_wconf 81' lang='lat' dir='ltr'>ccl</span> <span class='ocrx_word' id='word_1_282' title='bbox 1321 3614 1399 3651; x_wconf 89' lang='lat' dir='ltr'>nunc</span> <span class='ocrx_word' id='word_1_283' title='bbox 1421 3613 1484 3650; x_wconf 87' lang='lat' dir='ltr'>curn</span> 
     </span>
     <span class='ocr_line' id='line_1_30' title="bbox 201 3667 1483 3738; baseline 0.002 -19"><span class='ocrx_word' id='word_1_284' title='bbox 201 3667 241 3720; x_wconf 79' lang='lat' dir='ltr'>cel</span> <span class='ocrx_word' id='word_1_285' title='bbox 259 3683 332 3720; x_wconf 91' lang='lat' dir='ltr'>nnnc</span> <span class='ocrx_word' id='word_1_286' title='bbox 351 3683 415 3721; x_wconf 91' lang='lat' dir='ltr'>cum</span> <span class='ocrx_word' id='word_1_287' title='bbox 434 3667 447 3695; x_wconf 77' lang='grc'><em>·</em></span> <span class='ocrx_word' id='word_1_288' title='bbox 466 3668 653 3738; x_wconf 76' lang='lat' dir='ltr'>(ll&#39;escabcrp)</span> <span class='ocrx_word' id='word_1_289' title='bbox 675 3669 717 3723; x_wconf 84' lang='lat' dir='ltr'>sel</span> <span class='ocrx_word' id='word_1_290' title='bbox 742 3684 805 3721; x_wconf 87' lang='lat' dir='ltr'>cunr</span> <span class='ocrx_word' id='word_1_291' title='bbox 824 3671 960 3735; x_wconf 70' lang='lat' dir='ltr'>&lt;quattuor</span> <span class='ocrx_word' id='word_1_292' title='bbox 978 3670 1031 3722; x_wconf 78' lang='lat' dir='ltr'>ulii</span> <span class='ocrx_word' id='word_1_293' title='bbox 1057 3672 1066 3737; x_wconf 93' lang='lat' dir='ltr'>l</span> <span class='ocrx_word' id='word_1_294' title='bbox 1093 3667 1261 3722; x_wconf 73' lang='lat' dir='ltr'>amalis!</span> <span class='ocrx_word' id='word_1_295' title='bbox 1286 3670 1295 3737; x_wconf 74' lang='lat' dir='ltr'>l</span> <span class='ocrx_word' id='word_1_296' title='bbox 1322 3667 1483 3738; x_wconf 66' lang='lat' dir='ltr'>quideml„</span> 
     </span>
     <span class='ocr_line' id='line_1_31' title="bbox 202 3738 1483 3809; baseline 0.003 -20"><span class='ocrx_word' id='word_1_297' title='bbox 202 3743 217 3789; x_wconf 75' lang='lat'>‘2</span> <span class='ocrx_word' id='word_1_298' title='bbox 237 3739 287 3792; x_wconf 83' lang='lat' dir='ltr'>litt.</span> <span class='ocrx_word' id='word_1_299' title='bbox 307 3756 385 3805; x_wconf 78' lang='lat' dir='ltr'>eros,</span> <span class='ocrx_word' id='word_1_300' title='bbox 404 3739 444 3792; x_wconf 90' lang='lat' dir='ltr'>M.</span> <span class='ocrx_word' id='word_1_301' title='bbox 479 3738 608 3807; x_wconf 88' lang='lat' dir='ltr'>equidem</span> <span class='ocrx_word' id='word_1_302' title='bbox 633 3740 788 3809; x_wconf 66' lang='lat' dir='ltr'>ll&#39;cscnberp</span> <span class='ocrx_word' id='word_1_303' title='bbox 806 3743 815 3807; x_wconf 76' lang='lat' dir='ltr'>n</span> <span class='ocrx_word' id='word_1_304' title='bbox 834 3745 858 3793; x_wconf 80' lang='grc'>6.</span> <span class='ocrx_word' id='word_1_305' title='bbox 880 3740 985 3793; x_wconf 89' lang='lat' dir='ltr'>Venere</span> <span class='ocrx_word' id='word_1_306' title='bbox 1004 3742 1159 3808; x_wconf 86' lang='lat' dir='ltr'>prognatus</span> <span class='ocrx_word' id='word_1_307' title='bbox 1177 3738 1330 3806; x_wconf 74' lang='lat' dir='ltr'>Victorias,</span> <span class='ocrx_word' id='word_1_308' title='bbox 1353 3755 1483 3794; x_wconf 71' lang='lat' dir='ltr'>usmrem</span> 
     </span>
     <span class='ocr_line' id='line_1_32' title="bbox 202 3809 1484 3880; baseline 0.003 -19"><span class='ocrx_word' id='word_1_309' title='bbox 202 3812 395 3877; x_wconf 79' lang='lat' dir='ltr'>propugnatos</span> <span class='ocrx_word' id='word_1_310' title='bbox 420 3809 454 3861; x_wconf 93' lang='lat' dir='ltr'>M</span> <span class='ocrx_word' id='word_1_311' title='bbox 475 3814 484 3877; x_wconf 89' lang='grc' dir='ltr'>ΙΙ</span> <span class='ocrx_word' id='word_1_312' title='bbox 507 3809 640 3863; x_wconf 87' lang='lat' dir='ltr'>habuisse</span> <span class='ocrx_word' id='word_1_313' title='bbox 665 3810 699 3862; x_wconf 89' lang='lat' dir='ltr'><em>M</em></span> <span class='ocrx_word' id='word_1_314' title='bbox 719 3813 728 3878; x_wconf 73' lang='grc'>11</span> <span class='ocrx_word' id='word_1_315' title='bbox 752 3812 857 3880; x_wconf 78' lang='lat' dir='ltr'>vestro]</span> <span class='ocrx_word' id='word_1_316' title='bbox 882 3813 977 3864; x_wconf 84' lang='lat' dir='ltr'>nostro</span> <span class='ocrx_word' id='word_1_317' title='bbox 997 3827 1012 3868; x_wconf 87' lang='grc' dir='ltr'><strong><em>ς</em></strong></span> <span class='ocrx_word' id='word_1_318' title='bbox 1032 3817 1057 3864; x_wconf 84' lang='lat' dir='ltr'>ct</span> <span class='ocrx_word' id='word_1_319' title='bbox 1076 3811 1148 3865; x_wconf 84' lang='lat' dir='ltr'>Boot</span> <span class='ocrx_word' id='word_1_320' title='bbox 1171 3811 1249 3879; x_wconf 78' lang='grc' dir='ltr'><strong>(ὀὸε.</strong></span> <span class='ocrx_word' id='word_1_321' title='bbox 1273 3812 1349 3866; x_wconf 62' lang='lat' dir='ltr'>crit!</span> <span class='ocrx_word' id='word_1_322' title='bbox 1395 3812 1462 3879; x_wconf 76' lang='grc'>,19)</span> <span class='ocrx_word' id='word_1_323' title='bbox 1474 3836 1484 3879; x_wconf 63' lang='lat'>,5</span> 
     </span>
     <span class='ocr_line' id='line_1_33' title="bbox 203 3880 1484 3950; baseline 0.004 -19"><span class='ocrx_word' id='word_1_324' title='bbox 203 3884 226 3934; x_wconf 79' lang='lat'>7.</span> <span class='ocrx_word' id='word_1_325' title='bbox 245 3881 367 3949; x_wconf 88' lang='lat' dir='ltr'>psacade</span> <span class='ocrx_word' id='word_1_326' title='bbox 394 3882 490 3950; x_wconf 79' lang='lat' dir='ltr'>natus]</span> <span class='ocrx_word' id='word_1_327' title='bbox 520 3880 582 3949; x_wconf 85' lang='lat' dir='ltr'>ipsa</span> <span class='ocrx_word' id='word_1_328' title='bbox 610 3883 689 3949; x_wconf 74' lang='lat' dir='ltr'>(corr.</span> <span class='ocrx_word' id='word_1_329' title='bbox 708 3899 742 3934; x_wconf 85' lang='lat' dir='ltr'>m.</span> <span class='ocrx_word' id='word_1_330' title='bbox 764 3889 791 3945; x_wconf 86' lang='lat'>1,</span> <span class='ocrx_word' id='word_1_331' title='bbox 810 3889 842 3935; x_wconf 88' lang='lat' dir='ltr'>at</span> <span class='ocrx_word' id='word_1_332' title='bbox 860 3884 924 3949; x_wconf 71' lang='lat' dir='ltr'>vid„</span> <span class='ocrx_word' id='word_1_333' title='bbox 947 3884 979 3935; x_wconf 75' lang='lat' dir='ltr'>ia</span> <span class='ocrx_word' id='word_1_334' title='bbox 1002 3880 1073 3950; x_wconf 89' lang='lat' dir='ltr'>ipse)</span> <span class='ocrx_word' id='word_1_335' title='bbox 1100 3881 1255 3935; x_wconf 89' lang='lat' dir='ltr'>cadenstns</span> <span class='ocrx_word' id='word_1_336' title='bbox 1279 3881 1321 3936; x_wconf 90' lang='lat' dir='ltr'>M.</span> <span class='ocrx_word' id='word_1_337' title='bbox 1382 3881 1484 3936; x_wconf 83' lang='lat' dir='ltr'>sscadc</span> 
     </span>
     <span class='ocr_line' id='line_1_34' title="bbox 201 3951 1484 4022; baseline 0.002 -20"><span class='ocrx_word' id='word_1_338' title='bbox 201 3954 285 4019; x_wconf 86' lang='lat' dir='ltr'>(psec.</span> <span class='ocrx_word' id='word_1_339' title='bbox 314 3953 480 4022; x_wconf 77' lang='lat' dir='ltr'>ll&#39;escabcrp)</span> <span class='ocrx_word' id='word_1_340' title='bbox 509 3954 592 4004; x_wconf 89' lang='lat' dir='ltr'>natus</span> <span class='ocrx_word' id='word_1_341' title='bbox 621 3953 820 4022; x_wconf 78' lang='lat' dir='ltr'>I’uatopatbas.</span> <span class='ocrx_word' id='word_1_342' title='bbox 858 3955 892 4019; x_wconf 78' lang='lat' dir='ltr'>cf.</span> <span class='ocrx_word' id='word_1_343' title='bbox 920 3954 1010 4021; x_wconf 62' lang='lat' dir='ltr'>§tepla</span> <span class='ocrx_word' id='word_1_344' title='bbox 1032 3953 1109 4007; x_wconf 79' lang='lat' dir='ltr'>Thes.</span> <span class='ocrx_word' id='word_1_345' title='bbox 1130 3954 1146 4006; x_wconf 90' lang='lat' dir='ltr'>l.</span> <span class='ocrx_word' id='word_1_346' title='bbox 1167 3952 1216 4008; x_wconf 83' lang='lat' dir='ltr'>Gr.</span> <span class='ocrx_word' id='word_1_347' title='bbox 1235 3969 1257 4007; x_wconf 87' lang='lat' dir='ltr'>s.</span> <span class='ocrx_word' id='word_1_348' title='bbox 1276 3970 1300 4008; x_wconf 85' lang='lat' dir='ltr'>o.</span> <span class='ocrx_word' id='word_1_349' title='bbox 1320 3951 1443 4021; x_wconf 69' lang='grc' dir='ltr'>ψαιάζο</span> <span class='ocrx_word' id='word_1_350' title='bbox 1460 3958 1484 4005; x_wconf 77' lang='lat' dir='ltr'>A</span> 
     </span>
     <span class='ocr_line' id='line_1_35' title="bbox 200 4021 1484 4093; baseline 0.001 -19"><span class='ocrx_word' id='word_1_351' title='bbox 200 4021 296 4089; x_wconf 77' lang='grc' dir='ltr'><strong><em>ψακάς</em></strong></span> <span class='ocrx_word' id='word_1_352' title='bbox 327 4026 337 4092; x_wconf 83' lang='grc' dir='ltr'>ΙΙ</span> <span class='ocrx_word' id='word_1_353' title='bbox 369 4028 392 4077; x_wconf 83' lang='grc'>9.</span> <span class='ocrx_word' id='word_1_354' title='bbox 419 4024 535 4077; x_wconf 82' lang='lat' dir='ltr'>alterum</span> <span class='ocrx_word' id='word_1_355' title='bbox 561 4025 660 4077; x_wconf 75' lang='lat' dir='ltr'>laurum</span> <span class='ocrx_word' id='word_1_356' title='bbox 688 4024 841 4078; x_wconf 82' lang='lat' dir='ltr'>litterarum</span> <span class='ocrx_word' id='word_1_357' title='bbox 869 4024 1018 4093; x_wconf 76' lang='lat' dir='ltr'>rcemplam-</span> <span class='ocrx_word' id='word_1_358' title='bbox 1046 4030 1121 4081; x_wconf 74' lang='lat' dir='ltr'>astat</span> <span class='ocrx_word' id='word_1_359' title='bbox 1148 4025 1180 4077; x_wconf 77' lang='lat' dir='ltr'>in</span> <span class='ocrx_word' id='word_1_360' title='bbox 1209 4040 1251 4092; x_wconf 85' lang='lat' dir='ltr'>cp.</span> <span class='ocrx_word' id='word_1_361' title='bbox 1274 4025 1313 4079; x_wconf 78' lang='lat' dir='ltr'>ad</span> <span class='ocrx_word' id='word_1_362' title='bbox 1337 4026 1396 4079; x_wconf 73' lang='lat' dir='ltr'>Au.</span> <span class='ocrx_word' id='word_1_363' title='bbox 1416 4023 1484 4091; x_wconf 76' lang='lat' dir='ltr'>X,9</span> 
     </span>
     <span class='ocr_line' id='line_1_36' title="bbox 201 4094 1485 4165; baseline 0.002 -19"><span class='ocrx_word' id='word_1_364' title='bbox 201 4095 238 4161; x_wconf 87' lang='lat' dir='ltr'>(A</span> <span class='ocrx_word' id='word_1_365' title='bbox 253 4120 286 4138; x_wconf 92' lang='lat'>=</span> <span class='ocrx_word' id='word_1_366' title='bbox 301 4096 358 4148; x_wconf 88' lang='lat' dir='ltr'>cod.</span> <span class='ocrx_word' id='word_1_367' title='bbox 379 4095 451 4148; x_wconf 82' lang='lat' dir='ltr'>Med.</span> <span class='ocrx_word' id='word_1_368' title='bbox 469 4099 511 4162; x_wconf 80' lang='lat'>49,</span> <span class='ocrx_word' id='word_1_369' title='bbox 529 4100 560 4145; x_wconf 78' lang='lat'>18</span> <span class='ocrx_word' id='word_1_370' title='bbox 579 4113 597 4147; x_wconf 89' lang='grc' dir='ltr'><em>α</em></span> <span class='ocrx_word' id='word_1_371' title='bbox 615 4111 656 4147; x_wconf 83' lang='lat' dir='ltr'>mc</span> <span class='ocrx_word' id='word_1_372' title='bbox 674 4095 799 4164; x_wconf 82' lang='lat' dir='ltr'>collatas)</span> <span class='ocrx_word' id='word_1_373' title='bbox 827 4099 836 4164; x_wconf 81' lang='grc'>11</span> <span class='ocrx_word' id='word_1_374' title='bbox 864 4101 905 4149; x_wconf 86' lang='grc'>10.</span> <span class='ocrx_word' id='word_1_375' title='bbox 931 4094 1108 4148; x_wconf 83' lang='lat' dir='ltr'>exanimatus</span> <span class='ocrx_word' id='word_1_376' title='bbox 1127 4095 1167 4162; x_wconf 96' lang='lat' dir='ltr'>A,</span> <span class='ocrx_word' id='word_1_377' title='bbox 1192 4111 1215 4150; x_wconf 90' lang='lat' dir='ltr'>e.</span> <span class='ocrx_word' id='word_1_378' title='bbox 1240 4111 1303 4148; x_wconf 89' lang='lat' dir='ltr'>sum</span> <span class='ocrx_word' id='word_1_379' title='bbox 1324 4095 1390 4165; x_wconf 75' lang='grc' dir='ltr'>ΜΙ</span> <span class='ocrx_word' id='word_1_380' title='bbox 1413 4094 1485 4149; x_wconf 89' lang='lat' dir='ltr'>nihil</span> 
     </span>
    </p>
   </div>
   <div class='ocr_carea' id='block_1_6' title="bbox 200 4178 1485 4706">
    <p class='ocr_par' dir='ltr' id='par_1_7' title="bbox 200 4178 1485 4706">
     <span class='ocr_line' id='line_1_37' title="bbox 200 4178 1485 4292; baseline 0.005 -31"><span class='ocrx_word' id='word_1_381' title='bbox 200 4208 253 4261; x_wconf 90' lang='lat' dir='ltr'>nisi</span> <span class='ocrx_word' id='word_1_382' title='bbox 274 4210 315 4276; x_wconf 87' lang='lat' dir='ltr'>M,</span> <span class='ocrx_word' id='word_1_383' title='bbox 343 4178 451 4277; x_wconf 69' lang='lat' dir='ltr'>onichil,</span> <span class='ocrx_word' id='word_1_384' title='bbox 475 4227 530 4262; x_wconf 87' lang='lat' dir='ltr'>non</span> <span class='ocrx_word' id='word_1_385' title='bbox 550 4228 567 4262; x_wconf 84' lang='lat' dir='ltr'>a</span> <span class='ocrx_word' id='word_1_386' title='bbox 586 4228 619 4264; x_wconf 86' lang='lat' dir='ltr'>m.</span> <span class='ocrx_word' id='word_1_387' title='bbox 640 4216 666 4278; x_wconf 78' lang='lat'>2,</span> <span class='ocrx_word' id='word_1_388' title='bbox 685 4211 711 4263; x_wconf 86' lang='lat' dir='ltr'>A</span> <span class='ocrx_word' id='word_1_389' title='bbox 739 4214 748 4278; x_wconf 84' lang='grc' dir='ltr'>ΙΙ</span> <span class='ocrx_word' id='word_1_390' title='bbox 778 4217 817 4265; x_wconf 90' lang='grc'>11.</span> <span class='ocrx_word' id='word_1_391' title='bbox 837 4209 1000 4279; x_wconf 81' lang='lat' dir='ltr'>perscripsti</span> <span class='ocrx_word' id='word_1_392' title='bbox 1019 4226 1109 4279; x_wconf 89' lang='lat' dir='ltr'>neque</span> <span class='ocrx_word' id='word_1_393' title='bbox 1131 4212 1231 4292; x_wconf 78' lang='lat' dir='ltr'>scripsi</span> <span class='ocrx_word' id='word_1_394' title='bbox 1253 4212 1307 4277; x_wconf 77' lang='lat' dir='ltr'>(ita</span> <span class='ocrx_word' id='word_1_395' title='bbox 1325 4212 1485 4268; x_wconf 71' lang='lat' dir='ltr'>dubitanter</span> 
     </span>
     <span class='ocr_line' id='line_1_38' title="bbox 201 4279 1483 4351; baseline 0.005 -19"><span class='ocrx_word' id='word_1_396' title='bbox 201 4280 303 4334; x_wconf 81' lang='lat' dir='ltr'>Becher</span> <span class='ocrx_word' id='word_1_397' title='bbox 329 4298 432 4350; x_wconf 82' lang='lat' dir='ltr'>quoquc</span> <span class='ocrx_word' id='word_1_398' title='bbox 456 4300 485 4350; x_wconf 83' lang='lat' dir='ltr'>p.</span> <span class='ocrx_word' id='word_1_399' title='bbox 507 4285 548 4346; x_wconf 82' lang='grc'>17,</span> <span class='ocrx_word' id='word_1_400' title='bbox 567 4283 608 4349; x_wconf 77' lang='lat' dir='ltr'>a),</span> <span class='ocrx_word' id='word_1_401' title='bbox 636 4280 824 4350; x_wconf 85' lang='lat' dir='ltr'>perscripsisti</span> <span class='ocrx_word' id='word_1_402' title='bbox 852 4297 943 4350; x_wconf 84' lang='lat' dir='ltr'>neque</span> <span class='ocrx_word' id='word_1_403' title='bbox 974 4284 1011 4348; x_wconf 86' lang='lat' dir='ltr'>A,</span> <span class='ocrx_word' id='word_1_404' title='bbox 1039 4279 1189 4351; x_wconf 86' lang='lat' dir='ltr'>perscripsr</span> <span class='ocrx_word' id='word_1_405' title='bbox 1208 4280 1243 4333; x_wconf 91' lang='lat' dir='ltr'>M</span> <span class='ocrx_word' id='word_1_406' title='bbox 1268 4286 1277 4346; x_wconf 71' lang='lat' dir='ltr'>l</span> <span class='ocrx_word' id='word_1_407' title='bbox 1305 4280 1402 4351; x_wconf 80' lang='lat' dir='ltr'>qualis</span> <span class='ocrx_word' id='word_1_408' title='bbox 1431 4280 1467 4337; x_wconf 86' lang='lat' dir='ltr'><em>M</em></span> <span class='ocrx_word' id='word_1_409' title='bbox 1476 4306 1483 4339; x_wconf 65' lang='grc' dir='ltr'>,ι</span> 
     </span>
     <span class='ocr_line' id='line_1_39' title="bbox 203 4351 1485 4422; baseline 0.003 -20"><span class='ocrx_word' id='word_1_410' title='bbox 203 4356 242 4405; x_wconf 83' lang='lat'>12.</span> <span class='ocrx_word' id='word_1_411' title='bbox 267 4351 406 4420; x_wconf 84' lang='lat' dir='ltr'>cogitares</span> <span class='ocrx_word' id='word_1_412' title='bbox 425 4351 465 4420; x_wconf 96' lang='lat' dir='ltr'>A,</span> <span class='ocrx_word' id='word_1_413' title='bbox 492 4351 606 4422; x_wconf 81' lang='lat' dir='ltr'>cognita</span> <span class='ocrx_word' id='word_1_414' title='bbox 630 4368 673 4405; x_wconf 88' lang='lat' dir='ltr'>res</span> <span class='ocrx_word' id='word_1_415' title='bbox 694 4352 730 4405; x_wconf 92' lang='lat' dir='ltr'><em>M</em></span> <span class='ocrx_word' id='word_1_416' title='bbox 754 4356 764 4419; x_wconf 76' lang='lat' dir='ltr'>ll</span> <span class='ocrx_word' id='word_1_417' title='bbox 791 4352 867 4406; x_wconf 88' lang='lat' dir='ltr'>illico</span> <span class='ocrx_word' id='word_1_418' title='bbox 887 4353 914 4406; x_wconf 90' lang='lat' dir='ltr'>A</span> <span class='ocrx_word' id='word_1_419' title='bbox 941 4356 950 4419; x_wconf 79' lang='grc'>11</span> <span class='ocrx_word' id='word_1_420' title='bbox 981 4359 1020 4407; x_wconf 86' lang='grc'>13.</span> <span class='ocrx_word' id='word_1_421' title='bbox 1045 4368 1093 4405; x_wconf 93' lang='lat' dir='ltr'>oro</span> <span class='ocrx_word' id='word_1_422' title='bbox 1118 4352 1233 4406; x_wconf 90' lang='lat' dir='ltr'>obsecro</span> <span class='ocrx_word' id='word_1_423' title='bbox 1255 4354 1302 4415; x_wconf 83' lang='lat' dir='ltr'>M,</span> <span class='ocrx_word' id='word_1_424' title='bbox 1330 4358 1361 4408; x_wconf 81' lang='lat' dir='ltr'>te</span> <span class='ocrx_word' id='word_1_425' title='bbox 1384 4371 1435 4408; x_wconf 93' lang='lat' dir='ltr'>oro</span> <span class='ocrx_word' id='word_1_426' title='bbox 1456 4353 1485 4407; x_wconf 84' lang='lat' dir='ltr'>st</span> 
     </span>
     <span class='ocr_line' id='line_1_40' title="bbox 201 4422 1485 4495; baseline 0.005 -21"><span class='ocrx_word' id='word_1_427' title='bbox 201 4422 315 4475; x_wconf 89' lang='lat' dir='ltr'>obsecro</span> <span class='ocrx_word' id='word_1_428' title='bbox 340 4426 379 4490; x_wconf 94' lang='lat' dir='ltr'>A,</span> <span class='ocrx_word' id='word_1_429' title='bbox 408 4425 479 4491; x_wconf 67' lang='lat' dir='ltr'>spread</span> <span class='ocrx_word' id='word_1_430' title='bbox 504 4425 626 4492; x_wconf 77' lang='lat' dir='ltr'>praefert</span> <span class='ocrx_word' id='word_1_431' title='bbox 650 4424 728 4493; x_wconf 78' lang='lat' dir='ltr'>Burp</span> <span class='ocrx_word' id='word_1_432' title='bbox 753 4426 795 4492; x_wconf 81' lang='lat' dir='ltr'>(p.</span> <span class='ocrx_word' id='word_1_433' title='bbox 813 4427 857 4487; x_wconf 76' lang='grc'>74)</span> <span class='ocrx_word' id='word_1_434' title='bbox 884 4427 893 4492; x_wconf 80' lang='grc' dir='ltr'>ΙΙ</span> <span class='ocrx_word' id='word_1_435' title='bbox 923 4429 962 4478; x_wconf 80' lang='lat'>15.</span> <span class='ocrx_word' id='word_1_436' title='bbox 991 4425 1089 4477; x_wconf 89' lang='lat' dir='ltr'>nostra</span> <span class='ocrx_word' id='word_1_437' title='bbox 1118 4423 1154 4475; x_wconf 89' lang='lat' dir='ltr'><em>M</em></span> <span class='ocrx_word' id='word_1_438' title='bbox 1177 4426 1187 4491; x_wconf 72' lang='lat' dir='ltr'>ss</span> <span class='ocrx_word' id='word_1_439' title='bbox 1213 4423 1351 4492; x_wconf 69' lang='lat' dir='ltr'>praedira</span> <span class='ocrx_word' id='word_1_440' title='bbox 1377 4427 1485 4495; x_wconf 72' lang='lat' dir='ltr'>scripsi,</span> 
     </span>
     <span class='ocr_line' id='line_1_41' title="bbox 202 4492 1465 4564; baseline 0.004 -20"><span class='ocrx_word' id='word_1_441' title='bbox 202 4492 328 4561; x_wconf 87' lang='lat' dir='ltr'>praedixi</span> <span class='ocrx_word' id='word_1_442' title='bbox 348 4494 394 4562; x_wconf 88' lang='lat' dir='ltr'>M,</span> <span class='ocrx_word' id='word_1_443' title='bbox 413 4493 586 4562; x_wconf 81' lang='lat' dir='ltr'>praedixisse</span> <span class='ocrx_word' id='word_1_444' title='bbox 609 4496 631 4547; x_wconf 98' lang='lat' dir='ltr'>A</span> <span class='ocrx_word' id='word_1_445' title='bbox 656 4498 664 4562; x_wconf 83' lang='grc' dir='ltr'>ΙΙ</span> <span class='ocrx_word' id='word_1_446' title='bbox 689 4500 729 4548; x_wconf 84' lang='lat' dir='ltr'>lo.</span> <span class='ocrx_word' id='word_1_447' title='bbox 750 4512 861 4548; x_wconf 87' lang='lat' dir='ltr'>caesare</span> <span class='ocrx_word' id='word_1_448' title='bbox 881 4496 915 4548; x_wconf 94' lang='lat' dir='ltr'>M</span> <span class='ocrx_word' id='word_1_449' title='bbox 937 4498 946 4564; x_wconf 85' lang='grc' dir='ltr'>ΙΙ</span> <span class='ocrx_word' id='word_1_450' title='bbox 969 4493 1147 4549; x_wconf 88' lang='lat' dir='ltr'>conuenerim</span> <span class='ocrx_word' id='word_1_451' title='bbox 1165 4512 1199 4549; x_wconf 78' lang='lat' dir='ltr'>ea</span> <span class='ocrx_word' id='word_1_452' title='bbox 1217 4494 1400 4550; x_wconf 87' lang='lat' dir='ltr'>oonnenirem</span> <span class='ocrx_word' id='word_1_453' title='bbox 1420 4495 1465 4549; x_wconf 69' lang='lat' dir='ltr'>A*</span> 
     </span>
     <span class='ocr_line' id='line_1_42' title="bbox 205 4564 1485 4634; baseline 0.007 -21"><span class='ocrx_word' id='word_1_454' title='bbox 205 4567 244 4616; x_wconf 77' lang='lat'>17.</span> <span class='ocrx_word' id='word_1_455' title='bbox 273 4564 369 4616; x_wconf 82' lang='lat' dir='ltr'>lutura</span> <span class='ocrx_word' id='word_1_456' title='bbox 396 4568 471 4618; x_wconf 87' lang='lat' dir='ltr'>essct</span> <span class='ocrx_word' id='word_1_457' title='bbox 497 4567 581 4634; x_wconf 90' lang='lat' dir='ltr'>parta</span> <span class='ocrx_word' id='word_1_458' title='bbox 609 4564 729 4618; x_wconf 88' lang='lat' dir='ltr'>uictoria</span> <span class='ocrx_word' id='word_1_459' title='bbox 757 4567 796 4632; x_wconf 82' lang='lat' dir='ltr'>A,</span> <span class='ocrx_word' id='word_1_460' title='bbox 825 4566 917 4618; x_wconf 71' lang='lat' dir='ltr'>scierat</span> <span class='ocrx_word' id='word_1_461' title='bbox 944 4569 1020 4620; x_wconf 88' lang='lat' dir='ltr'>esset</span> <span class='ocrx_word' id='word_1_462' title='bbox 1047 4564 1150 4633; x_wconf 80' lang='lat' dir='ltr'>pertha</span> <span class='ocrx_word' id='word_1_463' title='bbox 1179 4565 1256 4620; x_wconf 85' lang='lat' dir='ltr'>nicta</span> <span class='ocrx_word' id='word_1_464' title='bbox 1283 4565 1408 4621; x_wconf 87' lang='lat' dir='ltr'>uictoria</span> <span class='ocrx_word' id='word_1_465' title='bbox 1431 4567 1466 4622; x_wconf 86' lang='lat' dir='ltr'>M</span> <span class='ocrx_word' id='word_1_466' title='bbox 1476 4600 1485 4631; x_wconf 53' lang='lat'>2.</span> 
     </span>
     <span class='ocr_line' id='line_1_43' title="bbox 203 4635 1468 4706; baseline 0.006 -21"><span class='ocrx_word' id='word_1_467' title='bbox 203 4635 342 4701; x_wconf 82' lang='lat' dir='ltr'>cognorim</span> <span class='ocrx_word' id='word_1_468' title='bbox 364 4637 399 4704; x_wconf 88' lang='lat' dir='ltr'>A,</span> <span class='ocrx_word' id='word_1_469' title='bbox 419 4636 598 4704; x_wconf 85' lang='lat' dir='ltr'>cognouerim</span> <span class='ocrx_word' id='word_1_470' title='bbox 619 4636 655 4688; x_wconf 89' lang='lat' dir='ltr'>M</span> <span class='ocrx_word' id='word_1_471' title='bbox 666 4640 675 4703; x_wconf 80' lang='grc' dir='ltr'>ΙΙ</span> <span class='ocrx_word' id='word_1_472' title='bbox 691 4643 731 4689; x_wconf 78' lang='lat' dir='ltr'>ls.</span> <span class='ocrx_word' id='word_1_473' title='bbox 752 4636 896 4689; x_wconf 65' lang='lat' dir='ltr'>(existimas</span> <span class='ocrx_word' id='word_1_474' title='bbox 916 4655 949 4690; x_wconf 77' lang='lat' dir='ltr'>ea·</span> <span class='ocrx_word' id='word_1_475' title='bbox 969 4654 1059 4690; x_wconf 89' lang='lat' dir='ltr'>-mans</span> <span class='ocrx_word' id='word_1_476' title='bbox 1078 4638 1123 4692; x_wconf 76' lang='lat' dir='ltr'>Al</span> <span class='ocrx_word' id='word_1_477' title='bbox 1136 4638 1146 4703; x_wconf 85' lang='grc' dir='ltr'>ΙΙ</span> <span class='ocrx_word' id='word_1_478' title='bbox 1160 4636 1232 4691; x_wconf 82' lang='lat' dir='ltr'>forte</span> <span class='ocrx_word' id='word_1_479' title='bbox 1250 4637 1277 4691; x_wconf 93' lang='lat' dir='ltr'>A</span> <span class='ocrx_word' id='word_1_480' title='bbox 1292 4640 1302 4706; x_wconf 92' lang='grc' dir='ltr'>ΙΙ</span> <span class='ocrx_word' id='word_1_481' title='bbox 1315 4653 1418 4692; x_wconf 87' lang='lat' dir='ltr'>caesar</span> <span class='ocrx_word' id='word_1_482' title='bbox 1432 4636 1468 4693; x_wconf 88' lang='lat' dir='ltr'><em>M</em></span> 
     </span>
    </p>
   </div>
   <div class='ocr_carea' id='block_1_7' title="bbox 203 4720 1468 4867">
    <p class='ocr_par' dir='ltr' id='par_1_8' title="bbox 203 4720 1468 4867">
     <span class='ocr_line' id='line_1_44' title="bbox 203 4720 1468 4803; baseline 0.007 -22"><span class='ocrx_word' id='word_1_483' title='bbox 203 4735 246 4783; x_wconf 70' lang='lat'>2¹0.</span> <span class='ocrx_word' id='word_1_484' title='bbox 266 4731 346 4801; x_wconf 77' lang='lat' dir='ltr'>exiit]</span> <span class='ocrx_word' id='word_1_485' title='bbox 368 4732 448 4785; x_wconf 86' lang='lat' dir='ltr'>exilit</span> <span class='ocrx_word' id='word_1_486' title='bbox 467 4734 507 4799; x_wconf 88' lang='lat' dir='ltr'>M,</span> <span class='ocrx_word' id='word_1_487' title='bbox 527 4733 586 4786; x_wconf 83' lang='lat' dir='ltr'>exit</span> <span class='ocrx_word' id='word_1_488' title='bbox 605 4735 631 4786; x_wconf 87' lang='lat' dir='ltr'>A</span> <span class='ocrx_word' id='word_1_489' title='bbox 646 4737 655 4803; x_wconf 75' lang='lat' dir='ltr'>ll</span> <span class='ocrx_word' id='word_1_490' title='bbox 668 4733 713 4786; x_wconf 89' lang='lat' dir='ltr'>his</span> <span class='ocrx_word' id='word_1_491' title='bbox 732 4734 773 4801; x_wconf 91' lang='lat' dir='ltr'>M,</span> <span class='ocrx_word' id='word_1_492' title='bbox 792 4720 856 4800; x_wconf 69' lang='lat' dir='ltr'>hiis,</span> <span class='ocrx_word' id='word_1_493' title='bbox 875 4734 884 4786; x_wconf 89' lang='lat' dir='ltr'>i</span> <span class='ocrx_word' id='word_1_494' title='bbox 904 4753 921 4787; x_wconf 84' lang='lat' dir='ltr'>u</span> <span class='ocrx_word' id='word_1_495' title='bbox 940 4753 973 4788; x_wconf 83' lang='lat' dir='ltr'>m.</span> <span class='ocrx_word' id='word_1_496' title='bbox 993 4742 1018 4801; x_wconf 70' lang='lat'>2,</span> <span class='ocrx_word' id='word_1_497' title='bbox 1041 4738 1062 4787; x_wconf 89' lang='lat' dir='ltr'>A</span> <span class='ocrx_word' id='word_1_498' title='bbox 1079 4739 1143 4801; x_wconf 64' lang='grc'>1191.</span> <span class='ocrx_word' id='word_1_499' title='bbox 1164 4732 1338 4793; x_wconf 51' lang='lat' dir='ltr'>errcules</span> <span class='ocrx_word' id='word_1_500' title='bbox 1358 4754 1412 4790; x_wconf 85' lang='lat' dir='ltr'>om.</span> <span class='ocrx_word' id='word_1_501' title='bbox 1433 4737 1468 4790; x_wconf 87' lang='lat' dir='ltr'>M</span> 
     </span>
     <span class='ocr_line' id='line_1_45' title="bbox 204 4800 437 4867; baseline 0.021 -16"><span class='ocrx_word' id='word_1_502' title='bbox 204 4800 382 4867; x_wconf 85' lang='lat' dir='ltr'>depraecatio</span> <span class='ocrx_word' id='word_1_503' title='bbox 401 4805 437 4856; x_wconf 91' lang='lat' dir='ltr'><em>M</em></span> 
     </span>
    </p>
   </div>
   <div class='ocr_carea' id='block_1_8' title="bbox 0 0 1664 5460">
    <p class='ocr_par' dir='ltr' id='par_1_9' title="bbox 0 0 1664 5460">
     <span class='ocr_line' id='line_1_46' title="bbox 0 0 1664 5460; baseline 0 0"><span class='ocrx_word' id='word_1_504' title='bbox 0 0 1664 5460; x_wconf 95' lang='lat' dir='ltr'> </span> 
     </span>
    </p>
   </div>
  </div>
 </body>
</html>
