3314 5460
178 1211 291 1276 0qu
316 1209 559 1277 EDVARDVS
585 1209 784 1277 SCHMIDT
807 1210 1034 1279 LVDOVICO
1058 1211 1393 1279 MENDELSSOHN

714 1317 745 1383 S.
769 1319 807 1384 D.
832 1319 866 1383 P.

236 1479 393 1545 Hortanti
418 1478 493 1562 tibi,
517 1479 565 1542 vir
589 1478 776 1544 doctissime
800 1484 898 1564 atque
921 1479 1170 1566 humanissime,
1201 1486 1239 1547 ut
1262 1479 1426 1546 Ciceronis

145 1587 312 1671 epistulis,
343 1608 480 1670 quarum
510 1586 684 1651 editionem
712 1585 873 1672 philologi
902 1588 966 1652 iarn
991 1588 1047 1651 diu
1070 1589 1128 1654 abs
1157 1593 1189 1652 te
1218 1588 1426 1673 cupidissime

146 1697 347 1776 exspectant,
371 1693 518 1757 tabulam
543 1692 809 1778 chronologicam
829 1692 997 1778 adicerem,
1020 1717 1058 1758 eo
1077 1696 1233 1760 libentius
1254 1696 1428 1760 obsecutus

146 1822 233 1882 sum,
267 1799 353 1883 quod
381 1803 413 1863 et
442 1800 510 1883 ipse
539 1800 573 1863 in
602 1800 868 1864 commentariolo
901 1805 976 1864 ante
1008 1802 1068 1865 hos
1101 1807 1228 1886 septem
1259 1824 1361 1866 annos
1394 1801 1455 1888 in·

147 1905 362 1970 Fleckeisenii
397 1905 579 1970 Annalibus
614 1903 735 1992 edito¹)
773 1907 912 1970 multum
945 1908 983 1971 de
1015 1908 1162 1991 priorum
1199 1908 1361 1972 editorum
1394 1908 1428 1970 in

144 2013 357 2097 temporibus,
381 2013 500 2097 quibus
525 2013 672 2098 singulae
693 2012 851 2096 epistulae
872 2018 981 2080 essent
1001 2015 1214 2098 conscriptae,
1237 2013 1427 2078 definiendis

144 2119 278 2203 incuria,
301 2142 342 2184 ne
366 2120 471 2184 dicam
494 2119 712 2205 neglegentia,
736 2126 870 2204 questus
891 2144 980 2185 eram
999 2121 1175 2206 eodemque
1200 2115 1281 2203 loco,
1305 2120 1427 2204 quade

146 2249 243 2291 causa
266 2231 299 2290 et
323 2248 387 2311 quo
411 2225 507 2290 modo
531 2248 615 2290 novo
640 2226 757 2290 editori
781 2227 993 2310 epistularum
1017 2229 1095 2293 ordo
1118 2227 1277 2292 historica
1299 2227 1426 2292 ratione

145 2333 185 2396 ad
208 2333 368 2417 temporis
395 2332 541 2397 ordinem
570 2333 749 2417 seriemque
778 2355 887 2398 rerum
914 2335 1100 2400 referendus
1130 2340 1228 2419 esset,
1262 2334 1426 2419 copiosius

145 2462 367 2523 exposueram.
409 2439 498 2516 Quae
523 2463 596 2505 cum
621 2462 796 2525 monerem,
819 2445 870 2505 tot
895 2447 1051 2526 tantaque
1075 2465 1094 2506 a
1116 2443 1195 2506 viris
1215 2440 1318 2506 doctis
1338 2464 1426 2525 prae·

146 2546 228 2610 sidia
252 2546 333 2610 mihi
353 2546 393 2610 ad
412 2547 619 2631 quaestiones
639 2545 713 2610 illas
734 2546 981 2632 chronologicas
1003 2553 1101 2633 atque
1120 2548 1294 2613 historicas
1314 2548 1426 2613 diiudi-

146 2654 264 2718 candus
286 2658 419 2738 praesto
444 2677 513 2718 esse
538 2653 743 2737 videbantur,
774 2659 811 2717 ut
834 2658 940 2719 totam
963 2656 1054 2719 illam
1083 2655 1295 2738 epistularum
1325 2673 1425 2719 συνα-

145 2763 265 2844 γωγήν,
281 2782 363 2844 quae
379 2761 479 2824 Tullii
493 2760 624 2825 nomine
640 2761 735 2824 nobis
750 2767 879 2825 serrata
894 2767 954 2847 est,
967 2767 1056 2827 recte
1070 2760 1260 2825 distinctam
1274 2766 1425 2845 recteque

144 2868 184 2931 ad
206 2873 355 2950 tempora
378 2868 541 2953 digestam
565 2866 773 2950 antiquitatis
798 2867 953 2933 studiosis
981 2869 1071 2933 brevi
1099 2872 1246 2953 tempore
1274 2890 1325 2932 me
1354 2890 1425 2951 pro·

146 2996 266 3057 ponere
289 2996 385 3057 posse
410 2996 582 3058 sperarem.

234 3083 282 3145 Ac
315 3081 457 3163 primum
491 3081 619 3164 quidem
657 3104 755 3165 opera
789 3105 861 3146 eum
895 3082 1060 3149 Ludovico
1095 3082 1221 3148 Gurlitt
1253 3084 1425 3149 coniuncta

142 3187 356 3251 Brutinarum
391 3187 620 3271 epistularum,
658 3209 794 3271 quarum
832 3189 936 3252 adhue
968 3191 1059 3254 nulla
1091 3194 1199 3255 exstat
1232 3190 1331 3255 editio
1363 3191 1425 3255 hoc
1552 3202 1559 3227 '²
1638 3176 1643 3188 ⁸

143 3294 274 3379 quidem
305 3293 436 3357 nomine
470 3293 582 3378 digna,
615 3295 780 3376 exemplar
803 3317 994 3380 componere
1024 3295 1164 3361 institui.
1207 3300 1253 3361 At
1280 3298 1314 3361 in
1341 3297 1425 3382 frag·

143 3401 264 3464 mentis
287 3400 528 3483 deperditorum
544 3401 582 3463 ad
598 3399 640 3464 M.
655 3399 796 3464 Brutum
812 3401 969 3466 librorum
985 3401 1067 3467 VIII
1088 3427 1126 3469 ex
1142 3403 1258 3469 ceteris
1274 3403 1423 3487 epistulis

142 3506 350 3592 colligendis,
381 3508 410 3569 id
436 3505 522 3590 quod
550 3529 616 3570 non
644 3506 737 3570 nimii
764 3508 887 3572 laboris
916 3531 986 3574 esse
1014 3515 1219 3593 putaveram,
1247 3509 1424 3573 multorum

142 3636 302 3679 annorum
322 3613 436 3696 otium,
456 3614 542 3698 quod
562 3613 692 3697 quidem
712 3615 875 3698 gymnasii
894 3617 1159 3700 praeceptoribus
1179 3616 1334 3700 pusillum
1354 3637 1424 3680 esse

143 3722 241 3804 solet,
271 3743 322 3784 me
347 3720 586 3804 consumpsisse
609 3742 676 3784 non
701 3720 769 3785 sine
794 3721 997 3806 aegritudine
1025 3723 1179 3787 intellexi.
1221 3721 1424 3806 Quamquam

143 3829 229 3893 enim
259 3827 419 3911 plurimae
443 3827 668 3892 Tullianarum
696 3829 911 3912 epistularum
935 3828 1116 3913 particulae
1140 3851 1159 3893 a
1182 3829 1320 3915 singulis
1345 3830 1423 3894 viris

144 3935 248 4000 doctis
273 3956 391 4020 magno
417 3955 490 3997 cum
513 3934 637 4019 ingenii
661 3935 807 3999 acumine
832 3939 928 4020 atque
953 3936 1132 4021 sagacitate
1162 3934 1354 4021 disquisitae
1377 3942 1424 4000 at—

144 4063 203 4125 que
220 4041 387 4106 ordinatae
404 4045 505 4123 erant,
525 4046 634 4105 tamen
650 4042 682 4105 in
696 4042 814 4106 horum
833 4064 931 4126 opera
946 4047 979 4106 et
993 4042 1120 4108 iudiciis
1136 4048 1172 4108 ut
1187 4043 1423 4127 acquiescerem

143 4167 205 4212 non
238 4149 413 4231 impetrare
442 4147 482 4210 ab
512 4149 618 4212 animo
647 4149 754 4232 potui,
787 4150 871 4233 quod
901 4173 959 4214 sua
987 4149 1122 4235 quisquc
1151 4151 1204 4215 via
1231 4172 1269 4214 ac
1298 4149 1423 4214 ratione

144 4253 300 4338 epistulas
325 4255 482 4337 quasdam
506 4255 699 4338 digesserat,
728 4259 835 4318 totum
859 4277 935 4319 vero
959 4256 1173 4339 epistularum
1203 4278 1319 4339 eorpus
1348 4260 1424 4339 post

143 4358 321 4425 Iohannem
340 4362 378 4425 de
399 4360 526 4425 Gruber
550 4360 666 4446 (1836)
689 4383 785 4425 nemo
809 4362 922 4426 eadem
946 4366 1016 4426 arte
1038 4365 1071 4426 et
1090 4363 1216 4427 ratione
1237 4363 1423 4447 complexus

143 4472 219 4532 erat.
263 4468 484 4544 Quamobrem
508 4489 608 4552 paene
632 4491 691 4551 per
714 4472 839 4552 septem
863 4490 964 4533 annos
987 4469 1148 4553 laboravi,
1178 4473 1216 4533 ut
1239 4468 1424 4533 universam

141 4571 365 4640 Tullianarum
394 4575 608 4660 epistularum
640 4577 839 4659 συναγωγὴν
869 4576 974 4662 quasi,
994 4597 1091 4640 unam
1125 4580 1289 4640 texturam
1322 4576 1424 4641 diver·

232 4770 257 4839 1)
277 4767 371 4823 Fleck.
391 4770 462 4823 Ann.
484 4773 552 4822 1884
572 4788 598 4838 p.
614 4773 664 4821 331
677 4786 718 4836 sq.
