3286 5460
195 379 237 441 88
646 374 684 428 n.
703 372 809 428 rvnm
828 371 1017 428 cromerus

195 564 246 605 me
270 541 304 605 in
328 538 416 605 omni
439 562 474 603 re
498 561 572 602 eum
595 537 767 622 praebeam
795 540 1021 621 praestemque
1045 539 1078 600 et
1102 535 1287 619 adomnia,
1318 555 1403 619 quse
1424 532 1472 598 tui

197 648 307 731 velint,
329 647 378 711 ita
400 646 463 710 eim
485 649 627 731 praest0,
650 645 718 729 †ut
741 666 794 709 me
816 666 882 709 non
901 644 1009 709 solum
1029 642 1139 708 omnia
1156 642 1272 708 debere
1290 645 1349 706 tua
1368 662 1473 722 musa

161 755 254 819 asad
278 776 376 820 causa
399 775 535 838 quoque,
559 753 658 817 etiam
682 774 764 836 quae
786 775 853 817 non
875 751 1009 837 possim,
1032 753 1152 834 putem.
1190 748 1270 814 illud
1292 752 1405 814 tamen
1423 746 1474 813 rel

196 866 232 926 tu
253 884 302 925 me
322 861 486 925 monuisse
505 860 557 925 vel
576 859 740 925 censuisse
758 863 838 943 puta
857 860 908 923 vel
926 862 1062 943 propter
1087 855 1348 922 benevolentiam
1368 859 1474 921 tacere

195 992 261 1034 non
285 968 445 1053 potuisse,
473 972 523 1051 ut,
552 966 638 1051 quod
666 987 727 1051 ego
755 964 854 1049 facio,
881 970 919 1029 tu
942 985 1071 1050 quoque
1100 964 1243 1029 animum
1271 964 1420 1047 inducas,
1446 961 1512 1028 sis

197 1076 241 1140 sit
268 1076 378 1159 aliqua
406 1097 457 1139 res
486 1074 632 1159 publica,
664 1072 698 1136 in
727 1095 764 1138 ea
792 1077 825 1137 te
854 1094 924 1137 esse
957 1075 1123 1155 oportere,
1155 1070 1274 1135 iudicio
1306 1069 1475 1135 bominum

198 1204 296 1266 reque
320 1182 510 1266 principem,
532 1179 728 1245 necessitate
753 1179 920 1244 cedentem
943 1177 1094 1262 tempori,
1117 1176 1168 1242 sin
1186 1181 1296 1242 autem
1313 1175 1406 1242 nulla
1423 1176 1477 1256 sit,

197 1288 283 1354 hunc
311 1293 421 1352 tamen
449 1287 655 1372 aptissimum
685 1308 756 1351 esse
784 1286 884 1350 etiam
907 1286 948 1350 ad
971 1284 1166 1350 exulandum
1188 1285 1312 1370 locum3
1339 1283 1369 1349 si
1392 1283 1478 1348 enirn

197 1395 384 1460 libertatem
413 1394 592 1477 sequimur,
620 1392 676 1477 qui
705 1393 794 1458 loeus
822 1392 885 1457 hoc
913 1392 1082 1458 dominatu
1109 1392 1226 1458 vacat?
1256 1390 1308 1455 sin
1336 1390 1478 1475 qualem-

200 1523 337 1585 cumque
360 1502 478 1583 locum,
502 1521 584 1582 quae
608 1505 658 1564 est
681 1500 860 1565 domestica
879 1499 954 1564 sede
973 1499 1165 1565 iucundior?
1201 1500 1258 1564 sed
1276 1497 1358 1563 mihi
1377 1497 1478 1581 crede,
1491 1518 1514 1557 ιο

200 1609 299 1671 etiam
322 1607 360 1690 is,
385 1605 440 1689 qui
465 1605 574 1670 omnia
598 1609 696 1689 tenet,
719 1606 808 1671 favet
831 1605 980 1691 ingeniis,
1002 1606 1209 1671 nobilitatem
1228 1626 1305 1671 vero
1325 1608 1359 1669 et
1376 1602 1480 1690 digni·

200 1718 286 1779 tates
310 1713 488 1791 homiuum,
512 1716 669 1797 quantum
693 1713 723 1777 ei
747 1735 798 1777 res
822 1717 856 1778 et
879 1712 981 1797 ipsius
1006 1735 1104 1778 causa
1126 1712 1288 1795 concedit,
1311 1710 1479 1796 amplecti·

201 1825 264 1884 tur.
307 1820 362 1883 sed
389 1819 498 1903 plura,
526 1840 623 1902 quam
651 1823 845 1903 statueram,
876 1819 972 1884 redeo
1000 1841 1079 1907 ergo
1108 1821 1149 1885 ad
1176 1841 1277 1885 unum
1304 1818 1401 1903 illud,
1428 1839 1480 1882 me

202 1932 295 1992 tuum
319 1948 402 1991 esse:
430 1926 500 1991 fore
524 1949 597 1991 cum
620 1927 702 2010 tuis,
730 1927 758 1991 si
781 1927 878 1991 modo
907 1931 1004 1992 erunt
1026 1928 1089 2007 tui,
1117 1927 1145 1992 si
1168 1926 1289 2004 minus,
1318 1947 1370 1990 me
1394 1927 1479 1991 certe

202 2035 235 2097 in
255 2033 406 2098 omnibus
422 2034 519 2097 rebus
535 2034 616 2097 satis
636 2038 766 2098 nostrae
787 2034 1007 2100 coniunctioni
1022 2035 1189 2120 amorique
1203 2032 1376 2098 facturum.
1402 2031 1479 2096 vale.
1493 2050 1533 2090 ιιΔ

742 2229 798 2294 rx.
834 2227 938 2316 (223.)

500 2362 544 2426 M.
568 2360 728 2426 CICERO
754 2359 785 2426 S.
808 2361 847 2426 D.
871 2362 914 2427 Μ.
938 2360 1188 2428 MARCELLO.

170 2511 179 2556 1
293 2489 368 2554 Etsi
396 2488 567 2573 perpaucis
597 2490 671 2550 ante
699 2485 813 2551 diebus
843 2487 993 2551 dederam
1021 2484 1058 2562 Q.
1082 2484 1191 2552 Mucio
1223 2486 1352 2551 litteras
1380 2486 1422 2551 ad
1448 2490 1479 2550 te

204 2597 351 2681 pluribus
379 2594 487 2660 verbis
511 2593 664 2677 scriptas,
693 2593 811 2677 quibus
841 2593 1093 2677 declaraveram,
1122 2615 1186 2676 quo
1215 2597 1248 2657 te
1276 2593 1386 2658 animo
1415 2614 1481 2658 cen-

205 2726 308 2767 serem
332 2723 402 2766 csse
426 2705 575 2786 oportere
600 2704 633 2764 et
657 2699 735 2784 quid
759 2701 820 2764 tibi
844 2699 1029 2765 faciendum
1053 2699 1244 2783 arbitrarer,
1268 2704 1389 2784 tamen,
1411 2721 1481 2765 cum
1494 2718 1518 2758 rr

204 2807 418 2893 Theophilus,
444 2807 582 2871 libertus
607 2811 696 2889 tuus,
725 2806 1000 2890 proficisceretur,
1029 2807 1120 2870 cuius
1144 2827 1206 2891 ego
1229 2806 1327 2871 fidem
1350 2827 1430 2892 erga
1452 2809 1482 2869 te

205 2914 520 2996 benivolentiamque
544 2935 784 2998 perspexeram,
814 2913 883 2978 sine
908 2912 988 2977 meis
1013 2911 1134 2977 litteris
1158 2934 1232 2976 enm
1256 2913 1295 2976 ad
1319 2915 1352 2976 te
1375 2912 1483 2978 venire
1538 2996 1547 3002 α

206 3020 305 3085 uolui.
347 3020 467 3084 eisdem
498 3020 601 3104 igitur
627 3021 665 3083 de
695 3020 792 3084 rebus
825 3020 925 3084 etiam
958 3023 1055 3103 atque
1086 3019 1187 3083 etiam
1219 3019 1335 3083 hortor
1367 3018 1483 3102 quibus

208 3127 429 3210 superioribus
449 3127 569 3190 litteris
587 3126 738 3191 hortatus
760 3149 841 3212 sum,
864 3130 901 3191 ut
924 3127 959 3190 in
982 3147 1020 3190 ea
1042 3148 1077 3190 re
1101 3125 1241 3209 publica,
1264 3145 1484 3210 quaecumque

297 3305 320 3354 1.
340 3317 370 3353 re
389 3318 451 3353 cum
471 3301 528 3369 ΜΘ,
547 3317 626 3354 reum
645 3300 698 3370 M¹‚
718 3318 747 3355 re
768 3302 822 3356 GR
841 3304 851 3370 fl
872 3303 901 3357 et
919 3302 1080 3369 Lambinus,
1100 3301 1133 3354 ut
1151 3301 1178 3353 a
1191 3302 1201 3370 ΙΙ
1213 3297 1257 3353 tui
1275 3300 1317 3368 M,
1336 3300 1390 3354 tua
1410 3300 1465 3355 GR
1484 3354 1486 3364 ,

208 3379 232 3426 ⁸2.
252 3371 346 3426 omnia
366 3373 439 3440 MG,
462 3372 520 3425 iam
538 3373 566 3426 R
588 3376 598 3441 ΙΙ
621 3378 645 3426 3.
665 3371 771 3443 possim
789 3375 886 3442 putem
905 3373 980 3441 MR,
1005 3373 1100 3443 potent
1120 3374 1153 3428 G.
1181 3373 1237 3427 scri
1304 3373 1337 3426 'm
1354 3372 1401 3439 (cf.
1420 3387 1486 3427 ona.

205 3446 274 3513 phil.
292 3450 358 3497 1891
375 3461 404 3511 p.
421 3445 525 3511 73):ut
542 3460 586 3497 me
605 3460 662 3497 non
681 3444 771 3497 solum
790 3444 884 3498 omnia
902 3460 1003 3514 cupere
1018 3446 1069 3498 tua
1083 3458 1177 3511 causa,
1198 3459 1227 3497 se
1266 3459 1402 3496 ausurum
1419 3457 1487 3511 qno-

208 3532 270 3583 que,
291 3513 378 3568 etiam
397 3531 469 3582 quae
488 3531 543 3568 non
561 3515 680 3584 possim,
703 3517 805 3585 putent
823 3517 873 3586 (sic
892 3533 976 3584 §pro
995 3517 1111 3585 putem).
1141 3514 1242 3569 debere
1262 3513 1383 3568 alicuius
1402 3528 1489 3569 cansa

209 3589 258 3640 ersi
280 3593 350 3641 recte
372 3587 475 3641 dicitur
497 3589 531 3654 (c.
552 3587 705 3657 Londprus
723 3589 760 3642 od
784 3586 838 3642 Gic.
854 3605 884 3657 p.
903 3588 983 3642 Ilaec.
1004 3588 1066 3641 Aru.
1082 3603 1112 3655 p.
1128 3588 1191 3656 895)
1229 3586 1264 3642 ab
1282 3586 1308 3640 ls.
1328 3586 1345 3640 1.
1365 3586 1488 3640 aliem

209 3660 276 3711 milri
303 3658 422 3722 videtur,
451 3659 488 3711 ad
516 3674 661 3726 ausurum,
690 3657 776 3712 etiam
805 3673 878 3725 qnae
905 3675 961 3712 non
988 3657 1095 3728 possim
1117 3658 1152 3724 cf.
1178 3629 1232 3711 (hc.
1252 3674 1282 3726 p.
1309 3657 1419 3726 Quincl.
1438 3661 1487 3711 69:

211 3727 347 3795 ‘illorum,
372 3728 421 3796 qui
440 3733 500 3783 tum
520 3730 548 3782 et
565 3731 697 3797 poterant
714 3746 764 3798 per
782 3728 840 3782 vim
859 3732 888 3783 et
907 3729 996 3783 scelus
1016 3728 1168 3799 plurimum
1186 3728 1227 3798 et,
1251 3727 1328 3796 quod
1345 3728 1486 3797 poterant,

210 3799 240 3852 id
259 3799 423 3853 audebant’.
457 3799 558 3853 debere
577 3802 628 3854 tua
647 3816 744 3867 causa,
770 3799 865 3871 <quae
882 3800 1019 3873 possim),
1039 3800 1089 3854 sed
1107 3815 1142 3853 ea
1160 3815 1271 3869 quoque
1289 3797 1391 3868 etiam,
1414 3814 1489 3867 qnae

209 3870 679 3996 retraherentur
695 3869 1490 4011 ‘⁴lll‘tl·t3rlt“ct5u3⁰trttdrhtulllt

210 4015 273 4066 Lol.
292 4031 319 4081 p.
335 4015 411 4079 840),
439 3961 505 4067 dot.
526 4031 562 4081 c.,
588 3960 691 4084 <quod2
705 4013 846 4085 possim),
875 4014 924 4067 aed
952 4012 1038 4067 etiam
1067 4029 1140 4080 quae
1165 4029 1222 4066 non
1244 3960 1362 4083 piosaim,
1388 3998 1491 4095 putem

216 4084 374 4154 Wesenberp
402 4083 508 4155 (<quae
531 4086 675 4152 praestare
698 4083 825 4157 poesim>
850 4085 1110 4154 Strer'cberp.158,
1140 4083 1233 4156 <quae
1256 4082 1362 4154 possim
1386 4102 1418 4137 m
1439 4085 1492 4138 tua

211 4154 318 4226 cansa>
338 4156 481 4209 Leluuorm
497 4174 525 4224 p.
542 4160 587 4224 57)
610 4158 620 4224 ΙΙ
642 4162 666 4208 3.
687 4160 710 4209 4.
731 4154 778 4209 uel
796 4158 827 4210 tu
847 4173 876 4223 ς,
901 4155 981 4209 uultu
1000 4157 1046 4223 M,
1065 4154 1186 4209 multum
1206 4155 1260 4211 GR
1282 4157 1292 4226 ΙΙ
1314 4161 1340 4210 4.
1360 4154 1408 4210 uel
1426 4171 1492 4209 cen-

212 4225 300 4279 suisse
321 4227 361 4293 M,
381 4226 427 4279 uel
447 4226 600 4280 consulisse
620 4227 655 4293 G,
675 4245 724 4281 ona
745 4227 772 4281 R
786 4229 795 4294 ΙΙ
809 4233 832 4280 6,
853 4226 949 4295 aliqua
968 4245 1001 4281 eu
1020 4226 1141 4295 aliquae,
1160 4234 1192 4281 ut
1210 4228 1275 4294 oid„
1292 4228 1416 4282 radendo
1434 4226 1472 4279 M
1483 4228 1493 4295 ζ’,

214 4301 236 4350 7.
256 4314 341 4365 reque
363 4297 518 4368 principem
542 4298 587 4367 M,
612 4297 707 4365 reique
727 4316 761 4367 .p.
780 4298 935 4368 principem
961 4300 998 4366 G,
1024 4297 1065 4352 rei
1085 4317 1118 4367 .p.
1138 4297 1167 4353 R
1190 4301 1199 4367 ΙΙ
1223 4303 1263 4352 11.
1284 4297 1309 4351 is
1327 4315 1363 4352 etc
1379 4296 1426 4351 his
1444 4314 1493 4351 ro·

212 4370 299 4422 (leardo
320 4368 360 4435 M,
379 4367 423 4421 his
445 4369 470 4423 G
493 4372 502 4438 ll
526 4374 565 4422 13.
587 4370 737 4490 ergopcgo
757 4370 799 4437 M,
817 4388 867 4424 cnr.
889 4370 944 4425 GR
966 4372 975 4438 ΙΙ
999 4374 1040 4423 17,
1057 4387 1101 4438 pr.
1121 4369 1170 4439 M]
1191 4386 1271 4422 arcus
1291 4370 1328 4424 M
1347 4372 1356 4437 ΙΙ
1380 4374 1423 4424 18.
1443 4367 1493 4438 de-

214 4439 372 4506 dederamq.
396 4439 485 4493 mutio
510 4440 556 4509 (de
574 4459 633 4509 erp.
654 4441 716 4509 ilc)
735 4441 783 4507 M,
805 4440 938 4495 dederam
957 4460 983 4509 q.
1003 4439 1092 4494 multo
1113 4441 1150 4509 G,
1174 4440 1308 4494 dederam
1330 4439 1422 4495 mutio
1441 4428 1494 4509 llil

214 4517 255 4564 ⁴31.
275 4512 340 4563 tuus
360 4509 477 4565 libertus
498 4512 525 4566 n
545 4513 554 4579 l
576 4518 618 4565 2⁶2.
639 4527 745 4566 eum-
757 4517 799 4566 21.
819 4511 922 4566 litteris
941 4530 991 4567 om.
1011 4511 1039 4565 R
1057 4513 1066 4580 ΙΙ
1085 4516 1128 4566 23.
1148 4511 1266 4582 eisdem]
1290 4510 1402 4566 hisdem
1421 4512 1494 4580 ΜΘ,

215 4606 316 4685 iisdem
331 4625 346 4665 ς
362 4612 370 4676 ΙΙ
384 4608 471 4678 igitur
485 4610 526 4676 M,
546 4626 611 4678 ergo
628 4611 653 4664 G
669 4610 801 4678 (cerofaria
818 4612 920 4665 scilicet
938 4613 1010 4665 actis
1028 4585 1086 4681 {get
1100 4593 1128 4679 ἓ)
1143 4613 1151 4678 ll
1165 4608 1201 4663 de
1215 4608 1309 4680 rebus]
1323 4610 1354 4663 te
1366 4609 1453 4665 reboo
1467 4627 1493 4679 ς,

216 4678 285 4747 (tc)
315 4678 350 4732 de
378 4680 461 4733 robus
484 4682 650 4748 Lambinus,
678 4683 706 4735 te
734 4680 892 4734 rationibus
917 4681 1015 4749 Orelli,
1042 4683 1070 4736 te
1096 4680 1188 4735 verbis
1212 4682 1357 4736 Lehmann
1379 4683 1422 4751 (p.
1437 4684 1494 4751 67).

217 4752 375 4817 incorrupta
400 4758 489 4803 taurea
512 4754 618 4805 carmin:
641 4769 725 4821 neque
747 4753 818 4806 enim
836 4754 865 4806 te
885 4754 915 4807 in
934 4756 1029 4822 priore
1052 4770 1137 4823 nepteo
1156 4752 1190 4806 do
1209 4751 1335 4822 (quibus)
1353 4754 1386 4808 irs
1404 4754 1493 4809 aum

215 4821 271 4874 colo
290 4822 388 4873 orru'ssc
406 4823 579 4888 operatorum
596 4824 694 4877 lrabeat
