3314 5460
175 390 264 443 XVIII
713 386 923 441 PRAEFATIO.

176 552 390 637 epistularum
415 551 440 634 Ι,
465 548 764 631 l,1-Vlll,tl‚3‚
792 550 846 614 fol.
866 552 928 613 err·
952 549 1096 614 carmina
1119 550 1217 612 latina
1250 551 1346 614 medii
1377 552 1458 615 aevi.

176 665 214 724 ut
238 664 344 722 totum
369 658 521 738 codicem,
545 657 592 721 sie
612 657 777 720 Ciceronis
802 658 959 739 epistulas
983 680 1096 720 manus
1116 657 1226 741 plures
1246 658 1459 739 scripserunt.

176 771 387 832 correxerunt
410 765 489 828 item
513 764 622 848 plures
647 769 679 828 et
704 765 737 827 iu
766 763 915 847 epistulis
944 763 1073 847 quidem
1103 785 1175 827 cum
1203 764 1359 827 librarius
1390 763 1461 847 ipse

130 884 165 937 ri*
179 869 267 957 (til),
292 880 360 935 tum
385 875 549 935 corrector
568 869 700 952 quidam
723 869 867 951 aequalis
887 869 942 951 qui
962 865 1081 931 codicis
1101 868 1297 951 scripturam
1317 868 1462 931 contulit

84 994 251 1048 (iuncum
266 978 443 1061 archetypo
459 973 550 1062 (6²),
569 984 640 1038 tum
655 979 853 1039 correctores
869 976 976 1057 plures
992 975 1188 1038 recentiores
1204 974 1291 1057 (0¹³).
1319 982 1461 1057 possunt

178 1090 287 1149 tamen
307 1084 454 1169 singulae
474 1104 598 1164 manus,
618 1082 651 1145 in
670 1081 784 1164 primis
801 1086 849 1145 G²
864 1087 897 1144 et
912 1078 968 1164 6³,
987 1104 1053 1145 nou
1072 1081 1192 1164 ubique
1208 1084 1289 1144 satis
1309 1082 1462 1145 discerni.

176 1195 210 1255 in
235 1214 269 1255 re
293 1188 549 1275 orthographica
572 1210 700 1252 summa
724 1188 877 1267 varietas,
909 1193 1108 1271 quapropter
1132 1210 1198 1251 non
1221 1188 1369 1270 excerpsi
1398 1188 1462 1251 nisi

177 1299 329 1383 graviora
353 1298 520 1381 quaedam.
557 1296 708 1359 dixerunt
726 1296 765 1359 de
785 1296 846 1359 hoc
866 1296 984 1376 codiee,
1009 1295 1064 1378 qui
1083 1300 1259 1379 postquam
1279 1296 1312 1358 in
1333 1294 1461 1358 Britan·

176 1407 265 1468 niam
294 1402 383 1469 venit
411 1404 466 1466 diu
497 1404 541 1465 ibi
576 1402 686 1484 latuit,
719 1401 797 1466 olim
826 1403 999 1484 Graevius,
1030 1423 1133 1484 nuper
1161 1402 1219 1464 Th.
1245 1401 1366 1466 Oehler
1396 1420 1462 1484 lap.

179 1511 346 1574 liniterum
371 1508 435 1573 Cic.
460 1532 511 1592 op.
531 1508 576 1572 lX
601 1531 631 1591 p.
652 1507 710 1594 V),
743 1508 795 1572 Fr.
815 1509 902 1572 Riihl
927 1530 1023 1593 rmus.
1048 1507 1149 1571 llhen.
1172 1508 1262 1571 XXX
1286 1532 1317 1591 p.
1336 1511 1375 1573 31
1391 1516 1464 1591 sq.),

179 1616 216 1680 0.
237 1616 402 1680 Streicher
425 1615 566 1699 (dissert.
592 1615 704 1697 philol.
727 1614 850 1678 lenens.
870 1615 916 1679 lll
942 1638 972 1698 p.
994 1615 1129 1700 liusq.)
1169 1615 1206 1678 lt.
1226 1613 1352 1698 Tyrrell
1380 1614 1464 1697 t'the

179 1723 453 1806 correspondence
484 1724 520 1785 of
541 1720 668 1785 Cicero'
692 1720 734 1784 1².
761 1724 854 1785 lese.
877 1745 907 1805 p.
929 1723 1040 1804 Iisq..
1068 1721 1109 1784 ll.
1137 1723 1228 1786 luae.
1253 1745 1282 1805 p.
1303 1720 1376 1783 le
1391 1717 1465 1806 sq.).

180 1829 304 1893 contuli
329 1828 505 1912 a.1882.¹)

140 1955 168 2008 R
269 1937 352 1999 alter
379 1942 430 1998 est
452 1938 542 1999 certer
565 1936 733 1999 Parisinus
759 1938 861 1998 11812
885 1935 979 2019 (olim
1005 1936 1276 2000 b'ostrrutomensis
1304 1934 1395 2018 II8):
1424 1934 1466 2016 a,

179 2043 313 2107 membr.
338 2065 363 2106 s.
383 2041 461 2125 XII,
484 2042 540 2104 alt.
559 2047 641 2105 cent.
662 2045 718 2125 aa,
737 2044 771 2124 ι’),
800 2043 854 2105 lat.
874 2044 931 2123 21),
960 2042 1044 2105 binis
1076 2041 1235 2106 columnis
1264 2063 1283 2103 a
1311 2040 1463 2123 pluribus

180 2148 323 2212 librariis
343 2150 483 2230 scriptus
505 2150 559 2221 ici.
579 2145 749 2210 Chatelain
770 2147 789 2209 l.
809 2170 834 2211 c.
854 2149 918 2211 tab.
939 2149 1005 2231 ilo).
1043 2149 1154 2212 insunt
1173 2147 1227 2210 t'ol.
1246 2151 1274 2210 lr
1293 2143 1464 2211 Ciceronis

179 2255 330 2318 Academ.
351 2276 397 2336 pr.
416 2253 436 2316 l.
456 2252 501 2336 ll,
531 2253 586 2316 fol.
610 2255 665 2317 13¹
688 2254 726 2316 de
750 2260 868 2316 natura
891 2255 1024 2318 deorum
1049 2253 1124 2318 libri
1154 2261 1234 2336 tres,
1262 2253 1315 2316 fol.
1335 2255 1400 2317 46*
1424 2254 1464 2316 de

178 2361 248 2425 fato
278 2361 483 2445 opusculum,
516 2362 570 2423 i'ol.
595 2363 653 2423 51¹
681 2361 895 2443 epistularum
920 2362 949 2442 l,
969 2366 1002 2443 1,
1027 2361 1183 2443 i--ssVlll,
1202 2364 1236 2444 8,
1255 2363 1289 2443 e,
1321 2360 1464 2425 10192ῐ

177 2467 280 2532 Dares
310 2467 349 2531 de
377 2466 518 2531 historia
547 2466 671 2530 Troiae.
717 2468 875 2550 epistulae
909 2474 942 2532 et
974 2469 1114 2552 scriptae
1148 2476 1224 2532 sunt
1257 2491 1277 2529 a
1309 2468 1463 2530 manibus

122 2575 326 2659 Rrpluribus
359 2579 393 2637 et
425 2580 602 2639 correctae:
636 2575 740 2638 multa
773 2575 925 2639 librarius
958 2576 1026 2659 ipse
1058 2575 1240 2639 emendavit
1271 2573 1363 2660 1111),
1397 2572 1464 2636 alia

122 2682 287 2766 Raptures
308 2705 422 2745 manus
442 2704 523 2746 saec.
543 2682 606 2745 XII
627 2704 674 2745 ex.
694 2683 783 2767 (W),
805 2681 870 2746 alia
889 2705 1003 2746 manus
1024 2682 1185 2765 quaedam
1202 2703 1283 2745 saec.
1302 2678 1460 2761 ilt'ixv

124 2787 266 2873 patiti).
313 2789 358 2850 rei
388 2788 659 2873 orthographicas
691 2790 724 2851 in
755 2790 817 2853 hoc
847 2810 976 2872 quoque
1009 2788 1117 2853 codIce
1152 2810 1278 2851 summa
1311 2787 1463 2849 varietas.

176 2896 300 2979 primus
329 2894 472 2958 codicem
501 2896 650 2978 epistulis
681 2895 831 2959 adhibuit
859 2896 893 2958 l'.
918 2895 1083 2959 Hoi'maun
1115 2918 1154 2959 ex
1182 2895 1240 2958 Th.
1265 2894 1463 2958 Mommseni

177 3001 364 3082 collatione,
392 3005 506 3083 postea
530 3007 679 3065 accurate
704 3003 742 3065 de
767 3024 805 3065 eo
829 3001 1010 3086 disputavit
1036 3003 1087 3067 Fr.
1108 3003 1221 3065 ltiihlii
1250 3023 1327 3066 usus
1357 2999 1462 3083 copiis

178 3108 215 3172 0.
235 3106 398 3172 Streicher
422 3108 456 3192 tl.
476 3132 501 3171 c.
526 3129 554 3189 p.
580 3106 719 3189 ltltisql.
762 3108 884 3171 contuli
906 3133 933 3172 a.
957 3108 1082 3193 iudai)

267 3266 293 3331 l)
313 3263 403 3318 Servii
425 3264 560 3333 ‚opusculo
585 3264 750 3333 inscriptum
774 3269 828 3320 est:
859 3266 929 3319 ‘iste
955 3266 1027 3319 liber
1051 3272 1095 3319 est
1117 3265 1273 3334 Hospitalis
1301 3265 1327 3318 S.
1348 3264 1464 3318 Nicolai

177 3352 264 3405 prope
283 3334 406 3401 Cusam',
430 3335 546 3388 dubium
565 3340 661 3389 tamen
680 3353 716 3388 an
735 3340 811 3389 totus
831 3337 918 3390 codex
937 3336 1016 3390 illam
1041 3337 1177 3408 originem
1202 3337 1319 3390 lrabeat:
1349 3335 1465 3389 ridetur

178 3412 271 3476 potrus
300 3422 371 3460 saec.
401 3407 513 3460 demum
541 3407 629 3459 XVlit
662 3407 733 3460 illud
761 3409 926 3476 opusculum
959 3427 1022 3462 cum
1055 3408 1155 3462 catinis
1188 3424 1248 3461 esse
1282 3410 1463 3476 compactum

178 3496 213 3546 iv.
229 3483 262 3532 A.
277 3478 306 3532 C.
322 3477 406 3531 Clark
427 3478 508 3530 ‘neue
528 3477 729 3547 Heidelberger
746 3480 930 3533 Jahrbi'ieher'
952 3481 971 3534 l.
994 3487 1069 3534 18111.
1089 3498 1115 3548 p.
1132 3485 1202 3547 ite).
1237 3477 1379 3532 Ciceronis
1402 3479 1461 3547 epi-

179 3548 261 3603 stulis
284 3548 342 3601 illis
365 3549 470 3617 primus
494 3567 561 3602 usus
586 3552 798 3616 est(1'i·orrius‚
825 3551 871 3602 cui
896 3550 1023 3620 ‘primus'
1049 3553 1136 3604 codex
1160 3555 1203 3604 est
1227 3550 1273 3619 (cf.
1293 3550 1353 3602 eius
1373 3551 1462 3617 praef.

178 3620 233 3676 Cic.
253 3637 297 3688 ep.
316 3624 345 3673 at
363 3638 388 3675 v.
408 3620 508 3673 l'hilol.
524 3621 594 3673 XLV
616 3639 642 3689 p.
659 3626 729 3689 150),
749 3625 859 3690 emptus
879 3623 992 3689 quidem
1010 3622 1110 3675 abillo
1131 3622 1211 3674 ‘olim
1226 3620 1359 3675 Coloniae
1377 3620 1461 3674 tlbio—

178 3710 240 3745 rum
258 3693 287 3745 in
306 3692 425 3745 taberna
443 3690 580 3746 libraria'.
613 3710 686 3760 quae
705 3693 824 3746 taberna
847 3696 966 3746 tortasse
990 3712 1023 3746 ea
1047 3697 1090 3748 est
1112 3711 1197 3761 quum
1221 3693 1250 3744 in
1273 3709 1316 3760 op.
1334 3697 1383 3743 119
1404 3696 1462 3761 (ap.

178 3764 369 3816 Burmanuum
388 3762 450 3830 syll.
471 3778 513 3831 ep.
533 3763 571 3815 IV
590 3782 615 3831 p.
633 3770 694 3815 1111Ι
715 3764 750 3815 ait
770 3764 915 3816 Heinsium
935 3782 959 3818 a.
977 3772 1045 3817 11113
1065 3766 1134 3818 data
1153 3765 1192 3817 sic
1212 3762 1353 3832 depingit:
1375 3762 1462 3815 ‘anti-

178 3852 248 3903 quos
263 3834 372 3888 codices
384 3833 516 3887 Coloniae
530 3835 688 3903 propositos
702 3835 798 3887 inveni
811 3835 841 3887 in
856 3836 975 3889 taberna
990 3836 1136 3903 vilissima,
1152 3852 1224 3903 (puae
1239 3840 1283 3887 est
1297 3835 1335 3886 ad
1349 3840 1463 3902 portam

178 3905 344 3959 Pontificum
369 3906 489 3973 ii'tatlen
512 3910 598 3974 port),
627 3907 754 3975 proxima
777 3906 905 3959 Kalcovii
929 3907 1100 3976 typographi
1127 3924 1183 3959 non
1209 3905 1342 3975 ignobilis
1367 3906 1461 3959 aedes.

178 3977 370 4046 ponderantur
388 3976 428 4030 ibi
453 3977 645 4044 membranae,
669 3995 723 4030 uon
748 3977 940 4032 aestimantur.
975 3977 1047 4031 libra
1071 3977 1217 4031 duodecim
1242 3981 1292 4030 aut
1316 3977 1461 4044 tredecim¹

178 4047 234 4101 nisi
252 4048 347 4113 fallor,
377 4048 467 4101 obolis
490 4049 552 4101 est'
591 4049 718 4117 possedit
736 4054 830 4101 autem
855 4049 978 4102 codicem
1003 4049 1083 4102 illum
1104 4050 1239 4103 Graevius
1263 4048 1321 4101 iarn
1340 4064 1364 4101 a.
1383 4054 1462 4115 1669,

180 4137 204 4174 v.
225 4137 267 4188 ep.
288 4126 321 4171 eo
346 4137 383 4187 ip.
403 4124 461 4189 til:
491 4119 637 4187 ‘epistolas
662 4121 698 4172 ad
722 4119 876 4173 l'anriliares
901 4120 1045 4174 committo
1069 4138 1133 4174 curn
1160 4121 1267 4173 duobus
1291 4137 1346 4171 nou
1378 4119 1461 4172 valiis

179 4190 298 4243 vetustis
318 4189 515 4257 voluminibus,
535 4189 623 4244 altero
643 4192 807 4257 chartaceo,
827 4191 915 4244 altero
935 4192 1161 4257 membraneum,
1180 4191 1229 4259 qui
1248 4191 1302 4243 mei
1324 4194 1396 4242 sunt.
1432 4196 1462 4243 et

180 4279 246 4314 saue
266 4263 324 4314 fero
342 4262 464 4329 pretium
483 4263 594 4330 operae'
612 4292 645 4300 -
660 4262 708 4315 ubi
730 4262 916 4315 ‘chartaceus'
938 4266 981 4315 est
995 4279 1079 4330 quem
1095 4262 1268 4316 ‘secundum'
1286 4260 1414 4330 appellat
1432 4262 1461 4313 in

180 4332 311 4399 editione,
331 4350 403 4385 nuuc
424 4333 596 4387 harleianus
615 4338 692 4385 2470.
726 4333 774 4387 ille
797 4338 861 4401 post
879 4334 993 4386 Graevii
1016 4340 1133 4388 mortem
1153 4336 1285 4402 (111103)
1309 4350 1372 4385 eum
1395 4332 1461 4385 reli·

179 4402 242 4470 quis
269 4404 412 4457 codicibus
432 4403 597 4458 Graerianis
620 4408 781 4473 asportatus
805 4409 848 4457 est
871 4405 900 4457 iu
923 4404 1124 4459 bibliothecam
1149 4404 1328 4458 elector-alem
1346 4404 1460 4457 Duesel-

180 4473 368 4542 dorpiensem‚
398 4475 463 4527 hine
485 4475 620 4544 migravit
639 4494 663 4529 a.
680 4481 748 4528 liin
768 4476 797 4528 in
816 4476 1009 4529 collectionem
1029 4476 1223 4543 Hermionam,
1252 4475 1324 4527 unde
1345 4494 1369 4528 a.
1391 4480 1461 4527 1753

180 4543 334 4597 translatus
354 4552 397 4598 est
417 4547 445 4598 in
464 4563 591 4600 museum
610 4547 802 4599 Britannicum
822 4552 857 4615 (v.
874 4546 958 4600 Clarlr
978 4548 995 4602 l.
1011 4566 1033 4603 c.
1053 4567 1079 4618 p.
1095 4555 1147 4601 ’138
1158 4560 1217 4616 sq.).

270 4621 297 4683 1)
316 4616 454 4683 epistulae
473 4618 603 4687 primitus
622 4619 735 4686 quidem
755 4619 784 4670 in
802 4618 851 4671 illo
867 4618 962 4672 codiee
976 4637 1032 4673 nou
1046 4620 1177 4673 ridentur
1192 4619 1277 4671 fuisse
1293 4617 1461 4672 coniunctae

180 4704 243 4740 cum
263 4688 363 4739 ceteris
378 4688 517 4742 Ciceronis
537 4690 679 4758 opusculis
696 4722 726 4729 -
743 4706 815 4741 nova
834 4689 937 4759 quippe
957 4690 1015 4745 illis
1035 4691 1165 4744 adhibita
1183 4693 1226 4743 est
1242 4689 1461 4757 quaternionum

181 4757 337 4811 numeratio
355 4789 395 4825 -,
415 4761 539 4827 antiquis
558 4768 653 4814 tamen
672 4762 730 4813 iam
749 4762 929 4829 temporibus,
950 4767 982 4815 nt
1001 4780 1032 4815 ex
1049 4762 1113 4814 siliis
1128 4764 1208 4831 patet
1222 4760 1343 4829 indiciis,
1363 4762 1461 4815 omnia

180 4833 245 4883 sunt
259 4829 461 4898 conglutinata.
491 4834 525 4883 ile
540 4833 607 4883 latis
623 4832 727 4885 codicis
742 4848 833 4900 pauca
847 4834 939 4885 adhue
953 4840 1028 4888 nota.
1058 4834 1178 4885 donatus
1193 4832 1337 4901 igiturest
1352 4850 1376 4886 a.
1390 4840 1460 4887 loeo
