3286 5460
203 369 267 435 190
653 367 691 423 M.
711 366 817 422 TVLLI
837 365 1027 424 CICERONIS

202 533 289 599 fecto
322 536 379 597 aut
411 531 613 618 transigetur
645 530 767 616 aliquid
801 537 858 597 aut
890 531 1032 617 turpiter
1068 531 1303 618 intercedetur;
1338 553 1419 597 narn
1453 530 1490 597 in

201 639 398 725 disputando
436 639 554 704 coiecit
589 638 681 703 illam
718 660 831 704 vocem
864 636 922 704 Cn.
951 637 1143 723 Pompeius,
1180 660 1292 705 omnes
1329 643 1490 724 oportere

202 746 330 811 senatui
358 745 445 811 dicto
474 745 641 810 audientes
669 768 748 810 esse.
794 766 856 831 ego
885 749 995 810 tamen
1023 746 1070 811 sio
1098 744 1181 810 nihil
1210 751 1377 832 exspecto,
1405 769 1490 832 quo

201 854 298 918 modo
335 852 492 935 Paulum,
529 874 592 917 cos.
631 852 856 938 designatum,
896 852 1039 937 primum
1077 853 1272 918 sententiam
1287 934 1291 941 .
1309 853 1488 919 dicentem.

165 960 330 1044 ssaepius
358 964 391 1023 te
422 961 579 1024 admoneo
613 960 652 1023 de
686 958 872 1045 syngrapha
901 957 1045 1024 Sittiana
1067 994 1111 1005 -
1134 959 1228 1045 cupio
1259 960 1346 1025 enim
1374 964 1408 1025 te
1439 960 1488 1024 in·
1514 978 1529 1018 ⁵

201 1066 354 1152 tellegere
378 1088 449 1130 eam
473 1087 541 1130 rem
565 1067 606 1130 ad
629 1087 680 1131 me
704 1065 796 1129 valde
818 1066 982 1150 pertinere
1000 1102 1053 1149 -,
1076 1066 1156 1131 item
1179 1067 1218 1131 de
1240 1065 1422 1151 pantheris,
1447 1071 1488 1131 nt

201 1172 374 1238 Ciburatas
398 1194 544 1238 accersas
574 1194 745 1257 curesque,
774 1175 812 1236 ut
833 1171 880 1262 mi
903 1173 1077 1258 vehantur3
1103 1177 1272 1257 praeterea
1292 1172 1487 1238 nuntiatum

200 1280 296 1343 nobis
327 1284 360 1343 et
392 1301 451 1363 pro
484 1283 574 1344 certo
606 1279 673 1343 iam
705 1279 988 1364 habetur-regem
1016 1278 1272 1345 Alexandrinum
1300 1285 1487 1367 mortuum3

201 1386 278 1470 quid
302 1385 384 1449 mihi
402 1386 548 1469 suadeas,
571 1385 734 1469 quomodo
753 1406 889 1471 reguum
912 1386 993 1451 illud
1016 1408 1050 1450 se
1073 1385 1203 1471 habeat,
1226 1385 1299 1471 quis
1317 1393 1486 1472 procuret,

201 1492 375 1577 diligenter
399 1493 479 1557 mihi
501 1492 693 1577 perscribas.
738 1490 777 1555 K.
802 1490 890 1557 Sext.
1501 1515 1529 1553 ro

762 1687 801 1752 v.
835 1688 916 1775 (aa.)

596 1827 785 1896 elunvs
813 1828 1026 1896 crunnum
1050 1830 1082 1896 s.

168 1994 181 2040 1
290 1973 362 2049 Qua
384 1977 421 2038 tu
444 1995 522 2038 cura
545 1973 603 2057 sis,
632 1974 717 2059 quod
741 1974 781 2037 ad
804 1997 917 2059 pacem
945 1974 1129 2058 provinciae
1153 1978 1228 2039 tuae
1251 1975 1484 2041 finitimarum·

198 2104 259 2166 que
278 2081 448 2166 regionum
466 2079 594 2163 attinet,
617 2080 740 2145 nescio:
766 2102 827 2167 ego
847 2081 978 2165 quidem
995 2081 1203 2146 vehementer
1221 2082 1321 2147 animi
1340 2083 1484 2168 pende03

197 2189 316 2272 †nam,
345 2186 373 2251 si
400 2184 463 2251 hoc
487 2208 576 2251 more
606 2186 766 2250 moderari
794 2209 977 2272 possemus,
1005 2192 1043 2251 ut
1070 2210 1129 2273 pro
1160 2186 1281 2253 viribus
1311 2187 1484 2272 copiarum
1498 2217 1525 2256 15

197 2300 327 2358 tuarum
364 2293 442 2358 belli
479 2316 607 2378 quoque
647 2293 802 2357 existeret
839 2293 1031 2380 magnitudo
1070 2299 1118 2379 et,
1156 2302 1314 2380 quantum
1353 2295 1483 2380 gloriae

197 2400 427 2484 triumphoque
447 2421 528 2485 opus
548 2404 643 2482 esset,
665 2400 924 2484 adsequeremur,
946 2400 1164 2485 periculosam
1183 2405 1217 2465 et
1236 2423 1369 2486 gravem
1387 2401 1482 2466 illam

197 2507 440 2573 dimicationem
463 2507 675 2589 evitaremus,
697 2506 780 2570 nihil
804 2511 873 2571 tam
897 2512 984 2572 esset
1008 2509 1199 2593 optandum:
1225 2529 1324 2592 nunc,
1349 2508 1378 2571 si
1401 2507 1482 2572 Par-

197 2616 274 2680 thus
303 2617 414 2678 movet
441 2613 578 2697 aliquid,
607 2613 676 2677 scio
703 2634 769 2676 non
797 2613 993 2679 mediocrem
1019 2614 1090 2678 fore
1118 2613 1373 2696 contentionem,
1401 2622 1481 2679 tuus

196 2743 293 2806 porro
317 2719 478 2785 exercitus
507 2718 562 2783 vix
588 2742 689 2784 unum
719 2720 838 2783 saltum
868 2720 953 2784 tueri
976 2724 1094 2805 potest.
1139 2721 1224 2786 hano
1246 2725 1357 2786 autem
1379 2741 1480 2785 nemo
1494 2750 1520 2787 ao

197 2829 287 2892 ducit
314 2826 489 2908 rationem,
520 2826 575 2890 sed
606 2826 715 2890 omnia
745 2827 970 2891 desiderantur
997 2828 1038 2891 ab
1067 2850 1105 2893 eo
1128 2832 1366 2912 -tamquam
1394 2826 1481 2892 nihil

197 2935 392 3018 denegatum
424 2932 468 2996 sit
501 2932 546 3014 ei,
584 2955 646 3017 quo
679 2933 787 2998 minus
821 2955 919 3017 quam
951 2935 1178 3019 paratissimus
1211 2938 1299 3000 esset
1325 2970 1386 3018 —·,
1423 2934 1481 3018 qui

161 3039 327 3124 apublieo
355 3040 488 3123 negotio
518 3040 724 3122 praepositus
752 3044 813 3104 est.
859 3040 984 3105 aceedit
1011 3041 1089 3125 huc,
1122 3042 1208 3125 quod
1240 3040 1479 3106 successionem

197 3146 341 3209 futuram
368 3149 502 3230 propter
526 3144 705 3210 Galliarum
735 3147 990 3212 controversiam
1017 3170 1083 3212 non
1112 3148 1212 3213 video.
1259 3147 1394 3212 tametsi
1417 3146 1480 3211 hae

197 3253 235 3317 de
259 3274 293 3315 re
317 3256 397 3335 puto
421 3254 453 3315 te
477 3251 702 3337 constitutum,
726 3253 803 3338 quid
826 3252 971 3318 facturus
997 3276 1092 3332 esses,
1116 3255 1245 3338 hebere,
1267 3258 1389 3338 tamen,
1411 3277 1478 3339 quo
1493 3282 1520 3320 rs

197 3359 356 3423 maturius
385 3358 614 3441 constitueres,
644 3379 717 3422 cum
746 3358 832 3424 huno
860 3364 1011 3424 eventum
1034 3359 1260 3445 providebam,
1288 3358 1396 3424 visum
1418 3365 1481 3443 est,

197 3471 235 3531 ut
258 3471 290 3530 te
313 3465 454 3529 facerem
473 3463 658 3551 certiorem3
681 3466 770 3530 nosti
794 3465 880 3530 enim
903 3466 983 3542 haec
1006 3467 1180 3532 tralaticia:
1204 3468 1244 3531 de
1263 3464 1382 3531 Galliis
1405 3487 1480 3532 eon·

287 3664 310 3712 1.
331 3657 535 3728 transigeretur
552 3661 579 3712 a
592 3661 602 3727 ΙΙ
616 3657 719 3727 aliquit
737 3659 774 3712 M
784 3660 793 3727 ΙΙ
807 3657 1025 3714 intercederetur
1040 3662 1066 3713 u
1080 3662 1089 3729 ΙΙ
1102 3665 1127 3714 2.
1146 3657 1276 3729 pompeio
1291 3661 1317 3712 u
1330 3661 1340 3728 ΙΙ
1354 3662 1379 3714 4.
1394 3657 1479 3712 Paul·

198 3748 256 3801 lum
276 3764 301 3817 ς,
321 3750 392 3802 bene
421 3749 456 3814 cs.
476 3749 582 3802 Jordan
603 3747 696 3802 Heme.
715 3746 767 3800 XV
781 3765 810 3816 p.
827 3752 878 3800 537
901 3751 911 3816 ΙΙ
933 3765 988 3802 cos.
1008 3750 1049 3818 M,
1069 3765 1116 3802 eos
1136 3749 1170 3817 G,
1189 3731 1220 3802 ds
1240 3752 1285 3817 (τε
1300 3749 1408 3816 omnes)
1429 3748 1458 3802 R
1471 3751 1480 3812 l*

199 3826 222 3874 6.
242 3819 408 3887 pamtheriis
428 3819 469 3887 M,
488 3818 613 3887 panteris
632 3819 683 3888 Rp
698 3823 721 3871 7.
742 3818 890 3886 Cibyratas
910 3822 949 3889 ςΙΙ
964 3836 1089 3874 arcessas
1109 3818 1232 3888 sllmihi
1250 3821 1426 3889 audeantur
1444 3819 1479 3873 G.

198 3893 333 3944 venentur
354 3890 503 3956 Graevius,
520 3892 557 3957 cs.
577 3892 614 3944 ad
632 3891 690 3943 Aa.
710 3889 756 3957 VI,
777 3895 801 3958 1,
821 3896 853 3942 21
878 3893 887 3959 ΙΙ
910 3896 934 3944 8,
953 3890 1035 3945 nobis
1054 3891 1139 3964 (est)
1159 3892 1319 3962 Weamterp
1335 3891 1346 3960 fi
1365 3888 1480 3944 alexan·

199 3962 279 4014 drum
298 3962 414 4029 611119.
435 3960 514 4031 quid]
534 3960 647 4028 quidem
663 3963 689 4013 Ω
702 3964 711 4030 u
725 3959 843 4015 illiusG
857 3963 867 4031 ΙΙ
882 3967 921 4014 10.
941 3961 968 4015 h.
990 3964 1057 4016 sext.
1079 3963 1120 4031 M,
1139 3961 1196 4016 kal.
1216 3964 1285 4031 sept.
1306 3961 1344 4029 R,
1362 3979 1413 4016 om.
1431 3961 1459 4015 G
1471 3961 1481 4021 ll

199 4039 239 4086 13.
260 4035 290 4086 tu
311 4033 351 4100 M,
372 4050 421 4087 orn.
443 4032 498 4086 GR
516 4035 525 4101 ΙΙ
545 4038 586 4086 14.
606 4031 752 4101 regionum
770 4050 803 4086 cx
822 4031 990 4103 religionum
1009 4034 1058 4086 Mr
1075 4036 1085 4101 ΙΙ
1103 4032 1204 4086 animis
1226 4032 1280 4089 GR
1299 4035 1309 4100 Ι
1328 4038 1369 4086 16.
1389 4032 1479 4103 more]

197 4104 280 4157 modo
300 4121 358 4156 rem
378 4105 406 4172 (i.
427 4121 447 4157 e.
467 4108 513 4158 n‘io
532 4105 573 4171 re)
591 4105 702 4174 Beopel,
722 4111 790 4158 recte
805 4111 881 4173 pato.
906 4121 982 4158 more
996 4104 1075 4175 <rem
1113 4105 1215 4158 Becher
1232 4106 1274 4173 (p.
1290 4106 1344 4172 19),
1363 4103 1480 4161 modos

198 4183 223 4229 et
243 4176 409 4244 ll'eseoberp.
430 4181 499 4230 tenet
517 4191 592 4227 more
608 4174 752 4228 Lchmcm
771 4178 812 4243 (p.
828 4178 872 4244 37)
886 4178 895 4244 ll
909 4178 941 4228 ut
958 4177 991 4242 G,
1010 4177 1040 4228 et
1087 4176 1114 4229 It
1128 4177 1138 4243 11
1153 4181 1194 4230 16.
1215 4176 1353 4244 quantum
1371 4173 1480 4243 gloriae

198 4246 408 4315 triumphoque]
428 4263 453 4314 q.
474 4246 581 4316 gloriae
600 4244 741 4314 triumpho
756 4246 892 4315 Pluppcre
907 4250 934 4315 (2
945 4265 974 4315 p.
987 4248 1048 4314 117)
1067 4253 1092 4301 ct
1106 4247 1179 4301 Boot
1197 4247 1274 4315 (‘ots.
1289 4248 1362 4301 crit!
1379 4262 1409 4316 p.
1426 4249 1479 4314 lt).

198 4319 291 4370 malim
310 4320 447 4385 quantum
466 4317 560 4371 loreae
578 4316 776 4386 triumphoque
795 4320 840 4386 (cl'.
856 4336 921 4371 anu.
939 4320 1006 4386 paiz.
1023 4323 1091 4370 1891
1108 4335 1137 4386 p.
1155 4321 1207 4386 77).
1230 4334 1283 4387 quo
1302 4319 1379 4373 auae
1397 4318 1479 4370 etium

198 4391 286 4456 ipsius
310 4389 447 4443 Ciceronis
474 4406 631 4458 responsum
659 4387 707 4456 (ll,
729 4395 775 4456 121,
794 4391 836 4457 2):
867 4388 970 4442 ‘velles
999 4388 1086 4456 enim,
1114 4387 1170 4457 ais,
1198 4391 1311 4442 tantum
1339 4386 1424 4442 modo
1448 4388 1480 4439 ut

199 4459 331 4513 haberem
359 4459 478 4529 negotii,
508 4461 582 4528 quod
611 4461 686 4513 esset
714 4459 750 4512 ad
779 4459 932 4512 laureolam
962 4459 1058 4514 satis’.
1101 4461 1257 4529 triuoapbus
1284 4466 1310 4515 et
1338 4461 1435 4514 laurea
1461 4477 1478 4512 a

200 4533 324 4585 Cice-rone
364 4549 450 4601 coque
472 4535 638 4601 comitantur
656 4530 754 4598 ΧΗ,
771 4536 801 4584 1:
832 4532 930 4598 ‘quem
955 4549 1006 4601 ego
1031 4549 1141 4585 currum
1165 4533 1215 4584 aut
1242 4549 1329 4600 quam
1352 4529 1479 4586 lauream

198 4619 261 4654 eum
281 4605 330 4654 tua
347 4550 512 4656 iaudatione
532 4604 718 4656 conferreml'
739 4607 748 4671 ΙΙ
770 4607 811 4657 17.
830 4603 1072 4672 periculosamque
1091 4605 1143 4657 alii
1157 4609 1166 4671 n
1181 4610 1222 4657 18.
1242 4605 1303 4656 tam
1322 4603 1364 4670 M,
1383 4605 1481 4655 tamen

200 4674 253 4725 GR
272 4677 281 4740 11
301 4680 341 4726 19.
362 4675 578 4728 contemtionem
597 4676 634 4727 M
651 4678 660 4743 ΙΙ
682 4681 722 4727 10.
743 4690 825 4741 porro
845 4676 919 4743 MR,
946 4692 1011 4730 uero
1032 4678 1057 4731 G
1081 4678 1090 4745 ΙΙ
1113 4681 1154 4730 ⁸23.
1176 4673 1297 4728 accessit
1317 4674 1343 4729 G
1361 4678 1371 4754 [l
1389 4679 1432 4728 25.
1452 4677 1480 4726 te

198 4746 318 4886 limllGi
332 4744 470 4867 *ztihuisus
489 4749 534 4800 est
552 4747 592 4801 M.
626 4747 659 4800 de
678 4749 876 4801 constructione
895 4766 918 4803 o.
934 4749 1015 4818 Bury
1029 4750 1187 4817 11301117.
1208 4744 1390 4800 translaticia
1402 4744 1460 4801 GR
1471 4746 1482 4817 ll

214 4815 240 4866 *a
264 4813 300 4865 iis
332 4832 368 4883 gu
394 4815 415 4868 's
435 4819 462 4869 Ω
