3314 5460
538 372 795 428 EPISTVLARVM
815 374 886 427 x111.
907 381 948 428 ar.
969 382 1010 429 aa.
1032 382 1073 429 eo.
1383 377 1446 440 357

163 544 223 603 tua
244 538 485 604 necessitudine
508 538 745 624 dignissimum.
787 543 978 624 pergratum
1002 540 1082 604 mihi
1106 540 1236 625 feceris,
1267 541 1296 605 si
1324 540 1449 606 dederis

165 669 307 731 operam,
331 650 368 710 ut
387 645 415 709 is
434 645 606 733 intellegat
625 647 708 712 hano
727 669 833 712 meam
852 646 1166 713 commendationem
1188 670 1344 733 magnum
1363 649 1448 733 apud

165 759 197 820 te
221 754 348 840 pondus
373 753 536 819 habuisse.

679 859 798 926 xxvi.
832 859 934 948 (eoo.)

146 1010 156 1050 ⁵
603 983 765 1052 cronno
792 985 954 1052 suario
981 986 1011 1052 s.

251 1113 288 1178 L.
307 1112 485 1180 Mescinius
505 1134 543 1177 ea
561 1134 688 1178 mecum
706 1113 945 1178 necessitudine
964 1113 1156 1179 coniunctus
1177 1119 1236 1198 est,
1259 1116 1344 1199 quod
1364 1115 1445 1180 mihi
1468 1135 1481 1181 1

168 1226 319 1308 quaestor
342 1221 419 1307 fuit3
443 1220 499 1285 sed
521 1220 606 1285 hanc
629 1241 776 1305 causam,
800 1242 897 1305 quam
921 1242 996 1306 ego,
1019 1225 1057 1285 ut
1081 1244 1100 1285 a
1124 1222 1312 1288 maioribus·
1328 1224 1446 1308 accepi,

168 1351 290 1415 semper
323 1350 457 1416 gravem
489 1326 580 1411 duxi,
612 1327 691 1393 fecit
723 1327 844 1392 virtute
873 1331 907 1392 et
935 1328 1139 1393 humanitate
1173 1352 1232 1394 sua
1263 1330 1448 1396 iustiorem:

167 1437 274 1524 itaque
297 1459 336 1501 eo
361 1437 407 1502 sic
430 1440 515 1520 utor,
536 1438 574 1500 ut
597 1458 657 1500 nee
680 1434 875 1500 familiarius
899 1434 966 1500 ullo
989 1456 1049 1500 neo
1072 1436 1247 1501 lubentius.
1285 1438 1313 1503 is
1338 1461 1448 1524 quam-

141 1567 263 1629 nquam
282 1544 443 1611 confidere
462 1543 634 1608 videbatur
653 1547 685 1607 te
705 1565 764 1608 sua
783 1565 889 1628 causa,
908 1563 989 1626 quae
1009 1542 1146 1608 honeste
1165 1566 1288 1630 posses,
1308 1547 1449 1612 libenter

169 1673 235 1716 esse
257 1651 433 1733 facturum,
455 1651 644 1737 †magnum
668 1672 737 1715 esse
759 1653 869 1714 tamen
889 1650 1034 1733 speravit
1054 1651 1139 1734 apud
1160 1655 1192 1715 te
1211 1674 1301 1717 meas
1321 1677 1448 1739 quoque

168 1759 307 1825 litteras:
337 1759 370 1824 id
394 1759 559 1843 cumipse
584 1758 630 1822 ita
653 1758 831 1841 iudicabat,
857 1761 927 1821 tum
951 1781 1011 1841 pro
1035 1758 1191 1823 familiari
1215 1762 1448 1826 consuetudine

169 1852 270 1952 saepe¹
284 1889 325 1932 ex
349 1888 400 1930 me
424 1865 585 1950 audierat,
614 1888 710 1950 quam
735 1865 843 1930 suavis
867 1870 954 1930 esset
978 1865 1147 1931 internos
1172 1872 1205 1931 et
1229 1872 1352 1952 quanta
1376 1862 1465 1934 oon?

168 1973 298 2040 iunctio
340 1977 416 2058 peto
445 1970 547 2058 igitur
576 1976 666 2057 ate,
698 1976 790 2036 tanto
822 1972 947 2036 scilicet
974 1973 1099 2058 studio,
1131 1978 1253 2057 quanto
1282 1975 1483 2062 intellegise

141 2112 159 2152 a
170 2082 281 2147 debere
307 2102 357 2145 me
380 2085 491 2166 petere
515 2101 574 2164 pro
598 2079 729 2144 homine
752 2083 821 2144 tam
841 2077 921 2143 mihi
942 2080 1125 2144 necessario
1146 2084 1179 2144 ct
1199 2086 1267 2146 tam
1286 2082 1451 2170 familiari,

170 2193 202 2253 ut
220 2189 291 2254 eius
311 2187 453 2273 negotia,
472 2209 553 2271 quae
573 2191 650 2251 sunt
668 2187 703 2251 in
718 2186 843 2251 Achaia
857 2208 895 2250 ex
910 2208 957 2270 ee,
977 2187 1063 2271 quod
1082 2188 1176 2252 heres
1193 2192 1243 2253 est
1257 2187 1300 2252 M.
1317 2189 1450 2274 Mindio,

170 2295 261 2361 fratri
285 2317 355 2380 suo,
378 2295 435 2380 qui
458 2293 511 2359 Eli
535 2293 724 2380 negotiatus
749 2298 809 2378 est,
832 2293 972 2378 explices
997 2299 1031 2359 et
1053 2296 1205 2380 expedias
1230 2319 1304 2361 oum
1327 2296 1397 2362 iure
1417 2303 1450 2363 et

171 2407 344 2489 potestate,
367 2424 465 2488 qnam
488 2402 603 2485 habes,
635 2407 705 2466 tum
729 2400 828 2465 etiam
858 2402 1053 2467 auctoritate
1077 2407 1111 2467 et
1135 2404 1270 2468 consilio
1299 2408 1370 2491 tuo,
1403 2405 1449 2470 sic

173 2512 252 2576 enim
270 2509 541 2597 praescripsimus
561 2509 617 2601 eis,
641 2509 758 2593 quibus
779 2531 817 2572 ea
835 2501 969 2594 negotia
988 2510 1221 2594 mandavimus,
1242 2516 1279 2575 ut
1298 2512 1449 2578 omnibus

147 2618 201 2688 ain
222 2619 333 2704 rebus,
356 2639 439 2703 quae
463 2618 497 2682 in
521 2617 665 2701 aliquam
688 2616 945 2681 controversiam
969 2622 1178 2702 vocarentur,
1202 2621 1234 2682 te
1259 2618 1383 2684 arbitro
1407 2625 1450 2704 et,

176 2729 252 2811 quod
280 2726 452 2792 commodo
486 2729 543 2789 tuo
572 2725 642 2788 fieri
670 2729 795 2808 posset,
828 2728 860 2788 te
889 2724 1108 2810 disceptatore
1136 2729 1319 2790 uterentur:
1352 2727 1384 2792 id
1412 2733 1449 2791 ut

147 2854 150 2859 ·
175 2832 299 2899 honoris
324 2832 388 2897 mei
412 2853 510 2897 causa
534 2831 707 2915 suscipias,
735 2835 901 2895 vementer
924 2836 956 2896 te
980 2833 1078 2896 etiam
1108 2836 1206 2916 atque
1235 2833 1334 2897 etiam
1357 2856 1448 2920 rogo.

98 2990 100 3031 ,
179 2940 245 3006 illud
268 2944 451 3025 praeterea,
479 2940 506 3003 si
529 2962 595 3004 non
619 2938 761 3002 alienum
786 2943 842 3001 tua
864 2937 1025 3024 dignitate
1054 2939 1186 3024 putabis
1216 2962 1299 3025 esse,
1332 2940 1482 3008 feceris3

98 3034 103 3101 l
179 3049 246 3113 nihi
268 3052 469 3134 pergratum,
493 3047 520 3111 si
545 3046 600 3131 qui
624 3045 825 3111 difficiliores
849 3051 953 3129 erunt,
981 3050 1018 3110 ut
1042 3070 1109 3111 rem
1133 3048 1203 3112 sine
1228 3049 1450 3114 controversia

155 3157 281 3225 aconfici
296 3155 412 3240 nolint,
432 3155 460 3219 si
474 3177 538 3239 eos,
559 3154 712 3240 quoniam
728 3175 800 3218 cum
816 3158 964 3218 senatore
980 3177 1032 3219 res
1047 3159 1107 3238 est,
1126 3153 1266 3219 Romam
1286 3156 1450 3243 reieceris3

181 3265 252 3344 quod
272 3286 336 3349 quo
357 3262 480 3328 minore
500 3262 704 3326 dubitatione
724 3261 830 3326 facere
852 3261 968 3345 possis,
987 3262 1116 3327 litteras
1132 3263 1173 3326 ad
1188 3266 1219 3327 te
1235 3287 1253 3327 a
1268 3262 1310 3328 M.
1325 3262 1449 3349 Lepido

180 3371 306 3455 consule,
330 3392 396 3435 non
419 3391 500 3454 quae
524 3374 556 3435 te
580 3369 702 3453 aliquid
727 3370 938 3434 iuberent-
958 3391 1063 3453 neque
1088 3369 1174 3433 enim
1198 3370 1230 3434 id
1250 3374 1325 3435 tuae
1346 3371 1449 3456 digni-

181 3478 245 3542 tatis
268 3500 338 3542 esse
363 3477 562 3541 arbitramur
580 3513 640 3560 —,
664 3478 720 3541 sed
744 3476 884 3561 quodam
912 3477 1008 3540 modo
1037 3477 1130 3560 quasi
1161 3477 1447 3542 commendaticias

180 3586 372 3671 sumpsimus.
414 3585 603 3667 scriberem,
631 3607 728 3668 quam
755 3584 787 3648 id
811 3584 1002 3648 beneficium
1032 3585 1114 3648 bene
1144 3583 1229 3667 apud
1253 3582 1482 3652 Mesciniumt

152 3692 332 3773 apositurus
362 3714 463 3776 esses,
494 3692 557 3756 nisi
586 3695 620 3755 et
647 3696 679 3756 te
708 3691 790 3756 scire
819 3690 1012 3756 confiderem
1041 3696 1074 3755 et
1101 3690 1182 3755 mihi
1210 3693 1368 3775 peterem3
1400 3692 1448 3758 sio

177 3800 251 3865 euim
280 3800 378 3866 velim
407 3800 587 3883 existimes,
618 3822 683 3865 non
712 3799 818 3863 minus
848 3822 898 3863 mo
927 3799 965 3862 de
993 3798 1082 3863 illius
1111 3820 1145 3861 re
1172 3798 1322 3863 laborare
1350 3821 1446 3883 (luam

176 3903 272 3990 ipsum
296 3909 335 3973 de
359 3930 431 3994 sua3
459 3908 515 3972 sed
543 3930 617 3972 oum
640 3907 734 3971 illum
757 3905 871 3971 studeo
895 3928 993 3989 quam
1017 3904 1170 3970 facillime
1195 3905 1234 3968 ad
1258 3927 1354 3970 suum
1376 3929 1447 3992 per·

174 4016 281 4101 venire,
305 4019 376 4080 tum
399 4015 479 4080 illud
502 4015 625 4099 laboro,
648 4018 774 4078 utnon
798 4013 968 4078 minimum
991 4012 1053 4078 hac
1072 4035 1145 4077 mea
1163 4014 1443 4079 commendatione

172 4143 201 4186 se
222 4126 434 4188 consecutum
458 4123 645 4188 arbitretur.

98 4296 103 4327 ι
253 4288 278 4337 6.
298 4297 332 4335 ea
350 4296 459 4334 mecum
478 4279 684 4335 necessitudine
698 4281 770 4348 MD,
790 4297 824 4334 ea
843 4297 929 4334 causa
947 4283 975 4334 et
994 4279 1200 4333 necessitudine
1217 4295 1326 4333 mecum
1341 4280 1379 4334 H.
1407 4297 1440 4334 eo

168 4371 199 4407 m.
217 4371 245 4407 n.
266 4354 393 4417 Ernesti,
421 4369 455 4405 ea
479 4352 550 4424 (re)
570 4371 606 4406 m.
625 4371 651 4407 n.
671 4353 744 4407 Boot
762 4352 926 4420 Cohaeret!
944 4354 1034 4421 1224)
1061 4356 1070 4420 ΙΙ
1099 4358 1121 4405 7.
1143 4357 1166 4405 8.
1187 4350 1357 4420 accepissem
1380 4370 1444 4420 pcr-

165 4441 280 4494 grauem
298 4424 336 4477 Μ
352 4426 362 4492 ΙΙ
385 4428 409 4478 9.
428 4422 562 4477 libentius
581 4424 643 4477 HD
664 4426 674 4494 ΙΙ
698 4430 738 4478 10.
758 4425 799 4495 te]
819 4425 848 4477 et
868 4426 898 4475 Ψ
919 4427 928 4493 ΙΙ
953 4429 993 4478 11,
1012 4423 1158 4493 magnum]
1178 4423 1291 4491 magni?
1319 4424 1354 4489 ef.
1370 4421 1442 4490 XIH,

167 4501 206 4564 72,
220 4502 245 4564 2,
265 4495 325 4563 XV,
341 4499 383 4563 15,
398 4499 415 4547 4
432 4496 516 4564 deque
534 4497 672 4564 infinitivo
690 4513 777 4563 praes.
797 4503 874 4564 terrai).
894 4495 1014 4565 Reisipir'
1031 4496 1111 4549 schol.
1131 4501 1202 4564 synt.
1218 4495 1281 4548 Lot.
1298 4512 1327 4562 p.
1344 4498 1441 4564 343sq.

162 4569 201 4623 cd.
221 4568 308 4622 Laud
325 4567 379 4633 ruf.
412 4583 545 4637 magnum
566 4610 660 4622 .....
679 4565 790 4620 litteras
811 4566 940 4637 <pondus
954 4565 1102 4619 habituras
1140 4581 1164 4632 ς,
1184 4567 1371 4620 molestissimo
1385 4584 1443 4620 ocr-

162 4641 257 4695 boram
271 4585 454 4693 reducamur.
483 4639 517 4706 cs.
534 4656 598 4692 anu.
610 4639 679 4707 phil.
697 4644 764 4690 1891
776 4656 805 4707 p.
822 4643 872 4690 349
887 4639 896 4703 ss
911 4643 952 4691 12.
967 4637 1009 4690 ito
1023 4655 1072 4691 om.
1128 4638 1138 4705 ΙΙ
1154 4641 1193 4689 17.
1205 4635 1246 4717 ,eli
1262 4635 1325 4704 (elis
1336 4636 1393 4705 θ’)
1407 4640 1443 4705 Ψ,

161 4709 243 4765 Elide
263 4711 360 4778 ς1119.
380 4707 432 4780 eis]
452 4708 496 4762 his
517 4712 554 4778 Ψ,
573 4709 607 4763 iis
627 4725 643 4767 ς
662 4712 671 4779 ll
689 4716 731 4764 22.
752 4710 931 4763 uehementer
950 4708 1011 4761 HD
1032 4710 1042 4777 ΙΙ
1065 4713 1107 4763 25.
1127 4724 1260 4776 quomam
1280 4725 1343 4761 cum
1364 4725 1443 4763 sena-

158 4787 220 4836 tore
240 4798 286 4834 res
306 4782 360 4852 est]
384 4783 418 4847 cs.
439 4781 589 4836 Monaesen
609 4782 642 4836 ‘r.
662 4782 789 4836 Senotsr.'
811 4781 898 4850 11³1).
914 4785 1028 4850 tolca,
1051 4780 1089 4833 Ill
1107 4798 1134 4848 p.
1152 4785 1221 4832 1214
1244 4783 1253 4848 u
1277 4785 1320 4835 26.
1339 4780 1442 4853 possis]

157 4869 258 4925 posses
278 4852 392 4909 Ernesti
405 4856 414 4923 l
429 4857 470 4907 27.
490 4852 520 4905 id
539 4853 580 4921 M,
599 4870 649 4907 om.
670 4852 731 4906 HD
744 4855 753 4921 u
767 4857 809 4907 28.
830 4851 1011 4923 arbitramur]
1031 4850 1240 4906 arbitrabamur
1258 4852 1316 4912 alii,
