3314 5460
202 373 269 438 284
655 375 690 429 M.
711 374 817 428 TVLLI
836 374 1024 430 CICERONIS

168 539 296 604 svideo
334 539 459 604 salutis.
513 539 726 623 quamobrem
759 544 791 604 te
828 540 963 604 obsecro
1001 538 1122 603 eisdem
1157 538 1324 622 precibus,
1365 538 1483 623 quibus

203 649 335 710 senatus
366 646 568 731 populusque
597 647 778 731 Romanus,
807 651 844 711 ut
872 647 906 710 in
933 650 1127 731 perpetuum
1157 668 1225 711 rem
1253 669 1284 730 p.
1312 646 1485 711 dominatu

203 754 293 838 regio
318 752 445 837 liberes,
469 758 505 818 ut
524 753 695 836 principiis
714 753 919 818 consentiant
942 754 1057 818 exitus.
1090 758 1184 818 tuum
1203 757 1254 819 est
1273 754 1337 818 hoc
1355 776 1485 837 munus,

202 863 277 923 tuae
302 863 424 945 partes3
455 883 475 924 a
498 865 530 925 te
553 860 616 926 hoc
640 860 755 925 civitas
779 860 830 924 vel
855 882 966 924 omnes
991 860 1100 943 potius
1125 864 1237 946 gentes
1260 881 1327 924 non
1353 881 1483 944 exspec-

203 969 275 1029 tant
298 965 418 1050 solum,
447 968 501 1031 secl
531 966 630 1032 etiam
655 967 837 1050 postulant:
869 989 1079 1051 quamquam,
1107 989 1180 1031 cum
1204 967 1394 1031 hortatione
1418 990 1485 1032 non

202 1094 313 1158 egeas,
336 1077 374 1136 ut
397 1095 495 1157 supra
519 1074 648 1159 scripsi,
678 1096 746 1138 uon
769 1077 843 1138 utar
866 1095 904 1137 ea
927 1073 1076 1158 pluribus
1100 1073 1223 1158 verbis,
1249 1072 1371 1138 faciam
1394 1073 1486 1158 illud,

203 1180 288 1264 quod
309 1202 416 1244 meum
436 1184 495 1264 est,
519 1185 556 1244 ut
581 1180 642 1245 tibi
662 1181 771 1245 omnia
789 1202 861 1244 mea
881 1179 989 1246 officia
1008 1180 1126 1264 studia,
1150 1201 1243 1245 curas
1263 1179 1485 1265 cogitationes

202 1286 371 1371 pollicear,
407 1309 489 1372 quae
517 1289 557 1351 ad
585 1292 675 1352 tuam
708 1289 836 1352 laudem
870 1291 903 1352 et
935 1287 1075 1373 gloriam
1107 1287 1327 1371 pertinebunt.
1375 1308 1486 1371 quam·

203 1393 316 1457 obrem
340 1395 438 1459 velim
461 1395 523 1459 tibi
546 1395 593 1459 ita
616 1395 825 1479 persuadeas,
856 1417 906 1458 me
931 1417 1005 1459 eum
1029 1395 1075 1458 rei
1099 1418 1129 1478 p.
1153 1416 1263 1478 causa,
1291 1416 1376 1479 quae
1404 1393 1486 1459 mihi

204 1499 272 1563 vita
290 1523 362 1565 mea
386 1506 436 1566 est
460 1500 574 1584 carior,
597 1506 668 1566 tum
690 1502 775 1586 quod
799 1501 860 1566 tibi
885 1501 948 1585 ipsi
967 1500 1093 1566 faveam
1112 1506 1267 1584 tuamque
1286 1500 1485 1586 dignitatem

205 1607 396 1691 amplificari
420 1609 529 1692 velim,
559 1609 624 1673 tuis
649 1609 782 1692 optimis
807 1607 967 1692 consiliis,
995 1608 1216 1692 amplitudini,
1244 1607 1370 1693 gloriae
1394 1609 1486 1674 nullo

204 1713 277 1778 loco
302 1714 496 1780 defuturum.

744 1860 800 1923 vr.
836 1856 941 1946 (351.)

357 2000 399 2064 n.
424 1998 584 2066 oroneo
611 2001 641 2067 s.
665 2002 705 2067 n.
729 2000 767 2066 n.
792 2001 939 2067 envno
964 2000 1052 2065 ine.
1076 2000 1167 2066 cos.
1192 1999 1336 2066 nnsis.

171 2162 183 2207 1
293 2141 404 2226 Lupus
428 2148 539 2208 noster
559 2167 631 2209 oum
651 2146 789 2210 Romam
813 2149 906 2210 sexto
930 2144 980 2209 die
999 2143 1128 2209 Mutina
1150 2143 1302 2227 venisset,
1326 2143 1497 2227 postridie
1521 2170 1527 2203 A

204 2272 254 2314 me
286 2272 378 2314 mane
408 2252 573 2315 convenit:
607 2256 663 2316 tua
692 2253 771 2316 mihi
806 2253 959 2316 mandata
991 2251 1240 2337 diligentissime
1273 2249 1428 2334 exposuit
1455 2254 1494 2313 et

95 2399 97 2403 ι
204 2356 330 2421 litteras
359 2358 508 2422 reddidit.
554 2360 640 2442 quod
670 2358 748 2423 mihi
778 2364 869 2423 tuam
897 2358 1093 2444 dignitatem
1121 2357 1344 2444 commendas,
1372 2356 1484 2421 eodem

204 2468 349 2548 tempore
383 2465 534 2529 existimo
568 2471 600 2530 te
633 2464 714 2530 mihi
747 2487 851 2529 meam
883 2464 1079 2551 dignitatem
1111 2463 1355 2546 commendare,
1389 2486 1483 2548 quam

204 2572 386 2635 mehercule
409 2594 475 2637 non
498 2571 604 2637 habeo
628 2577 685 2637 tua
709 2571 879 2636 cariorem:
903 2593 1001 2655 qnare
1022 2570 1101 2635 mihi
1124 2570 1352 2656 gratissimum
1375 2569 1482 2654 facies,

204 2677 233 2741 si
256 2679 459 2763 exploratum
489 2680 625 2745 habebis
653 2680 719 2743 tuis
747 2678 898 2743 laudibus
927 2679 1016 2743 nullo
1040 2679 1112 2742 loco
1140 2698 1200 2742 uec
1227 2675 1404 2742 consilium
1427 2699 1515 2742 neca

168 2785 348 2850 estodium
372 2809 480 2851 meum
508 2787 703 2852 defuturum.
751 2808 822 2851 cum
847 2791 887 2849 tr.
911 2784 954 2870 pl.
978 2783 1166 2868 edixissent,
1197 2787 1332 2849 senatus
1355 2783 1484 2848 adesset

204 2914 231 2955 a.
255 2892 284 2955 d.
307 2911 368 2956 xnr
393 2893 432 2956 K.
455 2893 539 2977 Ian,
576 2894 798 2977 haberentque
832 2894 866 2956 in
898 2892 1006 2956 animo
1039 2892 1078 2957 de
1111 2890 1272 2976 praesidio
1311 2891 1484 2956 consulum

204 2998 449 3083 designatorum
469 3000 597 3085 referre,
621 3023 817 3085 quamquam
842 3003 1018 3064 statueram
1039 2999 1073 3063 in
1093 3003 1243 3063 senatum
1262 3001 1339 3062 ante
1358 2995 1401 3062 K.
1418 2996 1484 3061 Ian.

202 3127 269 3170 non
293 3106 410 3190 venire,
434 3111 552 3189 tamen,
576 3130 648 3172 cum
668 3129 706 3172 eo
727 3107 777 3170 die
797 3107 869 3190 ipso
888 3107 1030 3170 edictum
1050 3110 1142 3170 tuum
1162 3105 1370 3188 propositum
1390 3108 1486 3186 esset,

203 3211 294 3276 nefas
319 3234 389 3277 esse
413 3213 488 3277 duxi
513 3217 570 3277 aut
593 3214 640 3277 ita
662 3213 777 3279 haberi
805 3217 967 3294 senatum,
995 3217 1032 3277 ut
1056 3214 1094 3277 de
1119 3213 1185 3277 tuis
1213 3210 1333 3275 divinis
1357 3211 1396 3275 in
1418 3233 1486 3275 rem
1500 3232 1525 3272 ss

203 3342 232 3403 p.
262 3319 387 3383 meritis
416 3320 566 3384 sileretur
589 3357 633 3366 —
656 3321 742 3404 quod
772 3320 897 3385 factum
931 3323 1030 3403 esset,
1061 3318 1124 3383 nisi
1155 3340 1216 3404 ego
1246 3318 1412 3383 venissem
1435 3354 1489 3402 —,

168 3445 184 3492 a
205 3431 261 3490 aut
285 3425 393 3510 etiam,
418 3427 445 3490 si
469 3427 546 3510 quid
565 3426 603 3492 de
624 3432 655 3491 tc
674 3427 852 3491 honorifice
872 3426 1041 3510 diceretur,
1066 3448 1116 3490 me
1135 3448 1201 3490 non
1220 3425 1342 3489 adesse.
1374 3424 1488 3510 itaque

203 3534 237 3596 in
265 3537 414 3597 senatum
442 3534 515 3597 veni
548 3555 657 3619 mane3
691 3534 776 3618 qnod
807 3556 880 3598 cum
908 3537 995 3598 esset
1027 3533 1304 3614 animadversum,
1337 3531 1490 3617 frequen-

203 3639 324 3703 tissimi
347 3643 514 3704 senatores
538 3646 766 3705 convenerunt.
814 3662 895 3723 quae
919 3641 957 3704 de
981 3645 1014 3704 te
1038 3641 1072 3704 iu
1096 3643 1211 3704 senatu
1234 3635 1375 3724 egerim,
1406 3660 1490 3721 quae

202 3747 235 3809 in
260 3746 410 3811 contione
439 3747 581 3810 maxima
611 3746 760 3830 dixerim,
789 3746 927 3811 aliorum
955 3751 987 3810 te
1015 3746 1137 3811 litteris
1161 3744 1247 3809 malo
1270 3764 1527 3829 cognoscereta

204 3851 284 3917 illud
312 3852 375 3917 tibi
399 3853 731 3936 persuadeas0velim,
763 3876 813 3918 me
838 3854 960 3939 omnia,
988 3876 1069 3937 quae
1099 3853 1138 3917 ad
1167 3856 1258 3916 tuam
1286 3850 1491 3936 dignitatem

204 3959 385 4044 augendam
406 3961 625 4043 pertinebunt,
649 3983 730 4044 quae
755 3966 805 4025 est
829 3984 886 4044 per
911 3984 945 4025 se
969 3959 1180 4044 amplissima,
1203 3979 1332 4023 summo
1359 3980 1492 4043 semper

203 4067 312 4130 studio
340 4072 568 4152 suscepturum
596 4073 629 4132 et
657 4068 876 4150 defensurum,
906 4067 991 4150 qnod
1021 4088 1216 4151 quamquam
1245 4063 1410 4150 intellego
1438 4087 1491 4129 me

204 4196 276 4237 cum
301 4174 414 4236 multis
438 4197 507 4238 esse
532 4175 703 4257 facturum,
727 4179 836 4237 lanren
860 4178 1011 4256 appetam
1035 4173 1131 4237 huius
1156 4171 1202 4236 rei
1225 4170 1463 4255 principatum.

294 4445 316 4492 1.
337 4437 455 4508 eisdem]
475 4437 575 4491 iisdem
595 4439 640 4505 M,
665 4439 754 4491 isdem
774 4439 815 4504 D,
838 4438 948 4492 hisdem
968 4438 1001 4490 ΙΙ
1029 4439 1039 4506 ΙΙ
1072 4442 1095 4490 6.
1120 4437 1166 4508 ea]
1191 4434 1248 4489 iarn
1271 4437 1314 4490 ael
1336 4437 1392 4490 del.
1419 4438 1493 4493 Boot

204 4510 280 4576 (obs.
300 4511 372 4564 erit)
391 4513 481 4578 1222)
508 4512 517 4579 ll
546 4516 569 4564 7.
590 4527 653 4563 mea
672 4528 720 4563 om.
742 4510 773 4563 Η
799 4511 808 4577 ΙΙ
836 4508 1022 4577 cogitationes
1042 4507 1156 4580 <iures
1176 4505 1294 4578 omnes>
1314 4507 1466 4563 Andresen

205 4586 227 4634 9.
247 4598 291 4634 mc
311 4598 374 4635 cum
393 4599 426 4634 ιω
444 4598 537 4634 meum
557 4581 601 4634 Ml
616 4586 624 4646 ΙΙ
642 4587 680 4634 10.
701 4580 755 4649 ipsi
775 4598 799 4648 ς,
819 4580 879 4649 ipse
898 4582 970 4648 MD,
990 4598 1040 4634 orn.
1060 4580 1095 4632 H
1109 4580 1119 4648 ll
1143 4585 1183 4632 11.
1203 4577 1273 4649 tuis]
1294 4593 1339 4631 me
1361 4578 1423 4632 tuis
1445 4582 1492 4644 vl

205 4653 451 4722 resumensque
471 4671 496 4721 ς,
516 4651 586 4725 (et)
605 4655 656 4706 tua
677 4653 833 4722 ll'esenbery
847 4655 856 4720 ll
878 4657 917 4705 18.
938 4651 1079 4719 existimo]
1099 4649 1230 4704 existima
1247 4650 1408 4718 Andreseu,
1426 4652 1492 4718 son.

205 4765 272 4811 recte
285 4760 295 4826 l
309 4757 477 4826 dignitatem
496 4761 605 4812 inlu-rio
623 4760 786 4828 quibu-edam
804 4765 955 4826 suspectu-m
978 4760 987 4825 11
1010 4763 1052 4812 30.
1073 4756 1203 4811 contione
1221 4756 1258 4809 M
1260 4798 1266 4823 ,
1288 4724 1493 4826 condentione,

203 4831 216 4881 t
236 4847 254 4882 a
273 4846 307 4881 m.
329 4834 353 4895 l,
375 4830 411 4896 H,
432 4829 609 4882 contentione
628 4830 657 4882 D
