3286 5460
205 366 270 431 250
656 367 693 421 Μ.
712 365 819 421 TVLLI
838 365 1026 422 CICERONIS

204 531 383 595 honoribus
413 530 607 616 abundabis,
638 531 667 594 is
696 534 818 614 autem,
852 529 907 615 qui
935 551 1009 594 vere
1037 530 1194 617 appellari
1225 534 1338 615 potest
1369 529 1482 614 honos,

204 659 270 702 non
292 637 541 703 invitamentum
565 638 605 702 ad
628 642 767 723 tempus,
790 637 847 702 sed
868 640 1044 721 perpetuae
1063 637 1196 703 virtutis
1219 641 1269 703 est
1292 637 1482 722 praemium.

205 745 431 828 quamobrem,
458 744 504 808 mi
526 742 660 828 Plance,
687 744 837 809 incumbe
861 747 933 809 toto
957 749 1087 830 pectore
1111 745 1151 809 ad
1174 745 1316 810 landem:
1346 742 1481 810 subveni

203 854 342 936 patriae,
373 851 533 935 opitulare
562 852 720 938 collegae,
750 851 896 916 omnium
924 851 1071 937 gentium
1099 873 1292 917 consensum
1319 855 1355 916 et
1383 851 1483 916 incre

204 957 338 1022 dibilem
365 957 640 1042 conspirationem
668 958 772 1023 adius.
818 980 869 1024 me
893 962 1024 1024 tuorum
1051 958 1261 1024 consiliorum
1289 959 1516 1045 adiutorem,e

203 1064 375 1150 dignitatis
405 1065 581 1149 fautorem,
614 1065 766 1130 omnibus
793 1066 829 1130 in
856 1065 952 1130 rebus
980 1065 1042 1130 tibi
1070 1065 1304 1131 amicissimum
1333 1065 1484 1130 fidelissi·

203 1195 355 1257 mumque
384 1193 575 1257 cognosces3
604 1172 644 1236 ad
673 1194 727 1236 eas
755 1172 842 1237 enim
871 1194 999 1263 causas,
1027 1172 1145 1257 quibus
1168 1171 1254 1237 inter
1280 1194 1341 1237 nos
1371 1194 1482 1237 amore

203 1301 328 1362 sumus,
357 1279 487 1362 officiis,
518 1282 681 1344 vetustate
705 1278 883 1363 coniuncti,
906 1280 1032 1363 patriae
1056 1279 1176 1345 caritas
1199 1279 1352 1365 accessit,
1380 1301 1482 1365 eaque

204 1386 318 1468 offecit,
342 1409 362 1449 u
402 1390 493 1450 tuam
517 1385 619 1449 vitam
642 1385 837 1452 anteferrem
862 1407 960 1450 meae.
1003 1405 1041 1450 111
1060 1385 1100 1451 K.
1118 1386 1196 1470 Apr.

743 1599 799 1664 nr.
836 1597 939 1685 (aar.)

615 1740 817 1808 sannaus
846 1740 1066 1808 cronaour.

171 1902 181 1946 r
292 1885 480 1951 Inmortalis
508 1907 571 1972 ago
599 1886 661 1950 tibi
688 1886 811 1972 gratias
840 1907 1013 1972 agamque,
1042 1885 1119 1950 dum
1147 1885 1269 1970 rivam;
1296 1907 1373 1949 nam
1399 1886 1482 1951 rela

200 1996 309 2057 turum
342 2016 393 2057 me
427 1993 597 2057 adfirmare
629 2015 696 2058 non
728 2014 877 2078 possum3
909 1993 1011 2057 tantis
1044 1992 1130 2057 enim
1164 1992 1230 2056 tuis
1262 1991 1381 2057 officiis
1412 2014 1482 2057 non

200 2099 310 2163 videor
333 2101 378 2163 mi
403 2101 596 2184 respondere
620 2122 731 2184 posse,
760 2098 825 2164 nisi
847 2099 947 2183 forte,
970 2103 1007 2163 nt
1031 2103 1067 2163 tu
1090 2099 1282 2184 gravissime
1305 2098 1483 2163 disertissi-

200 2228 313 2290 meque
334 2207 505 2291 scripsisti,
528 2207 576 2270 ita
595 2228 747 2271 sensurus
771 2228 816 2291 es,
838 2210 876 2272 ut
898 2228 949 2271 me
973 2205 1093 2270 referre
1116 2206 1258 2291 gratiam
1275 2208 1382 2289 putes,
1405 2227 1483 2271 cum
1498 2227 1523 2266 rs

199 2313 355 2377 memoria
382 2314 508 2379 tenebo.
555 2313 582 2376 si
611 2313 649 2376 de
677 2313 738 2376 filii
767 2311 816 2377 tui
844 2313 1004 2398 dignitate
1033 2316 1120 2377 esset
1148 2316 1270 2396 actum,
1304 2312 1482 2377 amabilius

198 2423 285 2482 certe
314 2418 396 2482 nihil
424 2419 529 2483 facere
557 2419 728 2503 potuisses.
774 2420 897 2503 primae
927 2424 1002 2484 tuae
1034 2419 1214 2484 sententiae
1237 2418 1377 2484 infinitis
1404 2441 1482 2484 curn

197 2526 399 2609 muneribus,
427 2525 625 2609 posteriores
650 2526 690 2590 ad
714 2531 843 2610 tempus
866 2526 1104 2610 arbitriumque
1127 2526 1306 2591 amicorum
1330 2547 1482 2591 meorum

196 2632 409 2715 compositae,
433 2631 538 2697 oratio
563 2632 693 2697 assidua
712 2637 744 2697 et
762 2636 920 2717 perpetua
943 2633 981 2697 de
1005 2655 1067 2718 me,
1088 2632 1196 2718 Iurgia
1220 2654 1294 2698 cum
1317 2636 1483 2717 optrecta

196 2739 322 2803 toribus
346 2744 480 2823 propter
503 2761 554 2803 me
577 2739 752 2803 notissima
780 2739 861 2803 mihi
890 2744 978 2804 sunt:
1007 2761 1075 2804 non
1098 2739 1269 2804 mediocris
1293 2738 1523 2803 adhibendast

197 2844 278 2908 mihi
302 2849 353 2909 est
377 2867 466 2930 cura,
497 2850 534 2910 ut
558 2845 604 2910 rei
627 2869 657 2929 p.
681 2868 732 2909 me
757 2846 859 2912 civem
882 2846 1017 2931 dignum
1042 2847 1107 2911 tuis
1132 2844 1280 2910 laudibus
1304 2849 1483 2931 praestem,

197 2953 228 3015 in
255 2953 399 3017 amIcitia
422 2956 479 3017 tua
502 2974 679 3017 memorem
703 2957 801 3036 atque
824 2957 963 3039 gratum.
1006 2954 1093 3037 quod
1116 2953 1277 3037 reliquum
1300 2956 1361 3037 est,
1385 2956 1482 3018 tuum

198 3082 314 3122 munus
343 3063 434 3123 tuere
463 3063 496 3123 et
525 3082 589 3145 me,
620 3060 662 3143 si,
693 3082 789 3144 quem
817 3080 887 3124 esse
916 3059 1062 3144 voluisti,
1096 3078 1169 3124 enm
1198 3060 1286 3124 exitu
1314 3060 1481 3144 rebusque

162 3186 177 3229 s
198 3166 377 3250 cognoscis,
402 3165 534 3230 defende
559 3189 595 3231 ac
619 3167 755 3251 suscipe.
802 3189 875 3231 cum
898 3166 1093 3232 Rhodanum
1117 3167 1227 3252 copias
1251 3166 1357 3232 omnis
1382 3166 1481 3232 traie-

197 3272 313 3337 cissem
337 3272 536 3357 fratremque
560 3269 634 3338 cum
658 3274 763 3337 tribus
793 3273 925 3338 milibus
950 3274 1097 3358 equitum
1119 3271 1376 3357 praemisissem,
1404 3271 1521 3356 ipsese

196 3379 259 3443 iter
283 3379 322 3442 ad
342 3378 502 3443 Mutinam
527 3380 708 3464 dirigerem,
732 3381 765 3444 in
790 3381 905 3447 itinere
930 3381 968 3444 de
992 3380 1117 3464 proelio
1140 3380 1228 3445 facto
1250 3378 1419 3463 Brutoque
1445 3383 1480 3444 et

196 3486 324 3551 Mutina
353 3486 521 3570 opsidione
550 3486 699 3551 liberatis
733 3487 854 3551 audivi:
888 3487 1103 3551 animadverti
1135 3486 1262 3551 nullum
1296 3485 1398 3551 alium
1430 3508 1480 3551 re

196 3597 325 3677 ceptum
350 3594 528 3658 Antonium
552 3593 779 3678 reIIquiasque,
805 3615 886 3678 quae
910 3614 984 3657 eum
1008 3615 1045 3657 eo
1070 3597 1189 3676 essent,
1211 3591 1330 3656 habere
1353 3592 1418 3656 nisi
1443 3591 1480 3656 in

196 3701 247 3764 his
271 3699 434 3784 partibus,
463 3701 606 3785 duasque
630 3700 658 3764 ei
683 3723 758 3784 spes
782 3723 851 3765 esse
875 3701 1076 3784 propositas,
1102 3721 1201 3764 unam
1225 3697 1338 3783 Lepidi
1361 3697 1479 3782 ipsius,

196 3807 332 3870 alteram
356 3806 526 3871 exercitus.
565 3807 650 3891 quod
670 3807 828 3890 quaedam
847 3829 923 3890 pars
948 3805 1108 3872 exercitus
1131 3827 1197 3870 non
1220 3806 1327 3870 minus
1349 3805 1519 3870 furiosam

196 3917 247 3976 est
276 3934 373 3996 quam
402 3913 457 3996 qui
486 3935 558 3977 curn
587 3911 731 3976 Antonio
759 3912 904 3996 fuerunt,
936 3913 1118 3997 equitatum
1148 3912 1310 3997 revocavi;
1340 3912 1412 3997 ipse
1442 3913 1478 3977 in

286 4112 308 4159 1.
329 4104 508 4159 habundabis
528 4105 589 4159 HD
610 4109 620 4175 11
643 4112 667 4160 2.
687 4108 852 4175 perpetuum
871 4106 1008 4160 Ruhnken
1034 4107 1176 4175 (Mnemos.
1197 4105 1230 4159 Π.
1252 4109 1443 4173 receptas
1469 4107 1480 4175 1

195 4182 218 4230 3,
248 4178 307 4229 toto
336 4178 460 4247 pectore]
493 4179 528 4242 es.
559 4176 622 4231 Otto
651 4177 798 4245 ‘spedolia
818 4179 844 4231 d.
863 4177 911 4231 R.'
940 4196 969 4246 p.
990 4182 1041 4229 270
1069 4178 1078 4245 1
1106 4181 1130 4231 t.
1161 4175 1259 4247 adina]
1288 4174 1376 4228 adlna
1403 4176 1441 4228 Μ
1470 4220 1477 4244 ,

196 4247 300 4300 adiuna
320 4247 354 4301 H
374 4251 383 4316 11
404 4255 428 4302 8,
449 4256 472 4301 9.
493 4264 582 4316 eaque
601 4247 694 4301 effecit
712 4248 751 4314 D,
770 4255 802 4315 et,
821 4249 943 4302 radendo
963 4265 996 4302 ea
1014 4264 1048 4301 ea
1066 4264 1139 4317 quae
1158 4246 1260 4315 effecit,
1280 4247 1326 4314 M,
1349 4262 1385 4299 ea
1403 4263 1479 4314 quaa

195 4318 263 4372 feeit
282 4319 314 4371 II
334 4321 343 4386 11
367 4325 408 4373 14.
432 4318 472 4372 mi
499 4321 545 4387 M,
569 4336 619 4374 om.
644 4319 705 4372 HD
728 4322 737 4388 11
761 4325 801 4372 14.
823 4324 864 4372 15.
889 4318 1143 4387 dissertissimeqne
1167 4319 1204 4372 M
1222 4320 1232 4387 11
1255 4324 1296 4371 16.
1322 4317 1478 4391 scripsisti]

195 4392 229 4454 cs.
255 4392 290 4444 Β.
310 4391 389 4444 ll'ale
424 4391 472 4445 ‘de
500 4391 602 4445 Planci
629 4398 653 4445 et
682 4390 820 4445 Ciceronis
846 4390 985 4460 epr'stulis’
1015 4393 1080 4460 (pro
1115 4433 1120 4444 .
1146 4391 1237 4444 Berol.
1263 4391 1343 4456 18661
1367 4392 1479 4457 112911

197 4466 236 4514 16.
258 4461 427 4529 dignitatem
451 4479 511 4516 esse
535 4463 643 4515 tactum
662 4463 699 4516 M
721 4463 731 4530 11
759 4467 801 4515 20.
821 4460 1013 4528 adhibendae,
1038 4479 1066 4516 se
1104 4478 1230 4528 eerusa,
1253 4461 1288 4514 M
1313 4461 1325 4541 11
1350 4465 1393 4514 22.
1412 4461 1478 4532 tna]

194 4531 235 4583 tui
260 4533 358 4602 lsleqm,
377 4536 492 4587 r'niuria.
520 4538 555 4599 cf.
572 4534 673 4587 Klotz*
688 4552 717 4602 p.
733 4533 806 4585 LVII
824 4536 833 4600 11
854 4538 896 4586 23.
917 4532 1021 4586 exitum
1041 4533 1207 4601 rebusqnem
1226 4549 1264 4586 nn
1282 4533 1360 4584 exitu
1379 4530 1477 4584 rebus·
1549 4530 1558 4547 ⁶

196 4620 249 4668 que
270 4606 300 4656 in
319 4605 352 4656 M
367 4607 498 4671 prauitas
517 4607 602 4672 faerit
620 4622 677 4658 aon
694 4605 778 4673 liquet
792 4607 801 4671 11
820 4610 863 4657 24.
883 4621 1033 4672 cognosces
1054 4605 1087 4658 H
1097 4606 1106 4672 11
1120 4602 1257 4657 rodanum
1276 4603 1343 4656 ΜΗ
1354 4605 1363 4670 11
1378 4601 1478 4671 copias

196 4672 285 4724 omnis
304 4677 411 4742 (omnes
431 4677 476 4742 Η)
497 4676 558 4729 HD
580 4675 680 4745 (copiis
700 4682 762 4730 aaa
780 4674 876 4745 copias
900 4693 959 4744 cap.
979 4675 1045 4745 Dl),
1072 4675 1167 4743 copias
1186 4675 1224 4727 M
1241 4679 1251 4742 l
1275 4680 1316 4727 ⁸25.
1337 4690 1401 4727 cum
1419 4672 1479 4726 tria

196 4742 286 4796 millia
310 4747 344 4798 M
365 4749 374 4819 1
398 4752 440 4800 28.
459 4752 502 4801 29.
526 4746 581 4800 nisi
604 4746 634 4800 in
656 4746 709 4800 has
732 4749 827 4815 partes
847 4748 1006 4816 Wesenberp
1029 4749 1038 4814 11
1061 4752 1103 4800 29.
1128 4746 1254 4813 duasque
1278 4761 1338 4799 esse
1362 4743 1389 4798 ei
1412 4761 1478 4813 pro-

195 4813 311 4883 positas,
331 4835 380 4871 cm.
401 4835 472 4886 spes,
493 4817 527 4870 H
