3314 5460
506 382 763 439 EPISTVLARVM
782 382 853 438 XIII,
875 389 898 437 1.
919 390 943 438 2.
963 388 987 439 3.
1008 389 1032 437 4.
1345 382 1411 447 339

131 571 185 614 me
207 549 242 613 in
266 569 301 612 so
323 548 552 634 neglegentem
579 548 719 632 putabit.
766 549 977 632 quamobrem
1004 552 1080 632 peto
1104 551 1193 631 ate,
1222 550 1261 610 ut
1288 546 1411 611 scribas

132 656 173 719 ad
195 659 272 720 tuos
294 677 390 739 posse
418 660 477 720 tua
504 655 671 720 voluntate
700 655 866 720 decretum
893 654 973 720 illud
997 653 1286 740 Areopagitarum,
1316 675 1413 736 quern

132 761 431 846 ὑπομνηματισμὸν
454 762 504 826 illi
527 767 654 845 vocant,
678 762 759 826 tolli.
801 762 857 826 sed
880 761 975 826 redeo
1000 761 1039 825 ad
1058 761 1181 845 prima:
1204 761 1295 845 prius
1315 760 1448 834 velimss

133 869 195 932 tibi
213 869 420 955 persuadeas,
438 874 476 933 ut
493 868 556 934 hoc
574 890 647 933 mea
665 891 763 934 causa
781 868 920 933 libenter
939 868 1048 952 facias,
1069 890 1165 952 quam
1180 872 1218 931 ut
1231 867 1348 953 facias3
1367 868 1414 932 sio

104 979 244 1042 stamen
266 976 402 1062 habeto,
425 976 453 1040 si
475 975 605 1060 feceris,
629 976 715 1060 quod
738 997 836 1062 rogo,
859 976 928 1040 fore
953 974 1034 1039 mihi
1057 974 1291 1060 gratissimum.
1333 974 1413 1038 vale.

693 1189 735 1254 Π.
773 1186 855 1276 (u.)

561 1330 720 1399 mosao
744 1331 928 1397 namuro
954 1330 985 1398 a.

222 1474 258 1541 O.
277 1475 416 1541 Avianio
431 1475 593 1560 Evandro,
613 1475 668 1559 qui
687 1475 871 1538 habitatin
890 1479 947 1539 tuo
967 1473 1118 1559 sacrario,
1137 1480 1171 1539 et
1185 1475 1257 1559 ipso
1274 1476 1414 1541 multum

131 1587 210 1648 ntor
233 1587 268 1648 et
290 1587 430 1667 patrono
454 1583 524 1647 eius
547 1581 591 1647 M.
611 1581 753 1647 Aemilio
777 1581 1045 1645 familiarissime:
1068 1586 1145 1666 peto
1168 1582 1273 1667 igitur
1291 1605 1311 1646 a
1329 1587 1361 1647 te
1381 1583 1414 1646 in

92 1719 120 1756 ιο
134 1690 292 1754 maiorem
317 1689 457 1772 modum,
482 1689 567 1773 quod
592 1688 660 1752 sine
685 1693 742 1752 tua
764 1688 916 1752 molestia
939 1688 1013 1772 fiat,
1036 1692 1073 1752 ut
1096 1689 1125 1752 ei
1150 1688 1188 1752 de
1212 1688 1415 1754 habitatione

132 1795 373 1881 accommodes,
395 1817 471 1860 nam
494 1798 630 1879 propter
653 1815 752 1878 opera
774 1793 929 1857 instituta
949 1795 1054 1858 multa
1073 1795 1250 1860 multorum
1269 1796 1415 1861 subitum

132 1907 185 1968 est
207 1903 236 1967 ei
261 1903 439 1988 remigrare
462 1900 501 1966 K.
521 1900 748 1977 Quinctilibus.
790 1900 951 1984 impedior
974 1902 1175 1986 verecundia,
1197 1925 1237 1967 ne
1261 1906 1293 1967 te
1316 1902 1415 1987 pluri·

132 2011 195 2074 bus
218 2009 327 2073 verbis
352 2029 477 2094 rogem,
500 2031 604 2093 neque
628 2013 738 2073 tamen
761 2008 892 2090 dubita,
916 2008 1009 2092 quin,
1032 2009 1060 2072 si
1083 2013 1141 2072 tua
1163 2008 1246 2073 nihil
1270 2013 1416 2073 autnon

133 2115 276 2180 multum
298 2114 442 2199 intersit,
471 2137 509 2179 eo
533 2115 578 2180 sis
602 2115 725 2198 animo,
753 2137 817 2200 quo
842 2136 903 2200 ego
927 2138 1045 2199 essem,
1074 2115 1101 2179 si
1125 2115 1203 2200 quid
1227 2120 1263 2179 tu
1287 2138 1338 2179 me
1366 2138 1416 2180 ro-

92 2251 118 2291 ra
132 2243 242 2307 garos:
267 2220 349 2286 mihi
372 2227 459 2287 certe
484 2221 710 2308 gratissimum
732 2222 857 2287 feceris.

683 2436 742 2503 111.
780 2434 861 2523 (72.)

561 2577 721 2645 cranao
745 2579 927 2645 uanuro
953 2578 984 2644 a.

226 2723 264 2786 Α.
283 2721 428 2807 Fufium,
460 2745 561 2787 unum
589 2745 628 2786 er
657 2722 737 2786 meis
766 2723 904 2807 intimis,
937 2722 1260 2806 opservantissimum
1294 2723 1416 2787 studio-

132 2829 366 2912 sissimumque
389 2830 508 2912 nostri,
536 2829 699 2894 eruditum
722 2829 889 2894 hominem
912 2834 946 2894 et
970 2851 1097 2894 summa
1120 2829 1322 2894 humanitate
1346 2834 1415 2893 tua-

88 2967 117 3005 ao
132 2958 197 3020 que
217 2935 364 3000 amicitia
382 2934 620 3021 dignissimum,
640 2935 737 3000 velim
757 2937 804 3001 ita
824 2940 953 3019 bractea,
971 2940 1009 3000 ut
1028 2936 1108 3000 mibi
1124 2959 1234 3001 coram
1248 2937 1415 3021 recepisti:

130 3047 203 3106 tam
227 3046 359 3127 gratum
383 3041 463 3106 mihi
487 3042 520 3105 id
539 3043 611 3126 erit,
635 3065 732 3126 quam
752 3043 837 3127 quod
857 3043 1098 3128 gratissimum3
1122 3044 1229 3129 ipsum
1248 3048 1417 3128 praeterea

131 3171 263 3214 summo
286 3149 395 3214 officio
420 3153 454 3213 et
477 3171 605 3214 summa
628 3150 836 3214 observantia
860 3150 922 3214 tibi
946 3150 1197 3236 inperpetuum
1225 3151 1417 3216 devinxeris.

676 3363 733 3430 rv.
767 3360 873 3452 (soa.)

130 3505 179 3570 n.
199 3503 359 3571 cicaro
384 3504 416 3570 a.
436 3504 474 3570 o.
494 3505 529 3582 o.
550 3505 749 3571 innuero
773 3506 809 3582 o.
829 3507 865 3573 u.
885 3507 1033 3574 oaola
1058 3508 1235 3573 uncino
1260 3507 1416 3573 Paoea.

83 3677 116 3719 aa
226 3647 309 3713 (lum
338 3648 556 3732 municipibus
582 3647 828 3714 Volaterraueis
857 3651 937 3715 mihi
967 3674 1093 3716 summa
1119 3651 1323 3716 necessitudo
1352 3655 1451 3734 est31

131 3776 256 3840 magno
267 3755 354 3819 enim
364 3775 437 3819 meo
451 3755 608 3820 beneficio
624 3755 743 3821 adfecti
758 3758 1015 3822 cumulatissime
1033 3757 1112 3822 mihi
1127 3759 1268 3844 gratiam
1284 3757 1417 3822 rettule-

130 3866 227 3945 runt3
244 3883 321 3926 nam
340 3883 401 3926 nec
414 3862 449 3927 in
462 3861 642 3927 honoribus
661 3864 743 3927 meis
759 3865 865 3928 necin
880 3865 1047 3930 laboribus
1062 3887 1216 3948 umquam
1231 3863 1415 3929 defuerunt:

129 3990 211 4034 cunr
234 3968 353 4052 quibus
377 3968 405 4032 si
429 3969 509 4033 mihi
532 3970 623 4033 nulla
646 3992 743 4035 causa
767 3971 990 4055 intercederet,
1013 3977 1132 4055 tamen,
1159 3972 1244 4057 quod
1269 3976 1301 4035 te
1325 3971 1417 4035 vehe-

130 4075 339 4140 mentissime
362 4075 464 4160 diligo
484 4077 633 4160 quodque
653 4100 703 4141 me
723 4100 742 4140 a
762 4082 793 4142 te
814 4078 946 4161 plurimi
966 4079 1036 4144 fieri
1056 4079 1172 4162 sentio,
1197 4083 1229 4142 et
1251 4100 1416 4143 monerem

225 4274 250 4323 2.
274 4266 496 4338 ariopagitarum
520 4268 588 4324 HD.
625 4275 741 4324 ceteram
764 4272 798 4337 cf.
822 4273 953 4353 Philippi
977 4273 1014 4327 ‘d
1034 4274 1163 4354 Areopap
1185 4291 1213 4326 a.
1233 4273 1259 4326 d.
1280 4271 1414 4341 Ephctca’

123 4360 160 4411 p.
179 4345 230 4393 309
244 4342 254 4409 fl
267 4346 291 4394 4.
310 4339 365 4394 hoc
383 4355 446 4393 mea
465 4339 506 4407 Μ,
525 4356 589 4393 mea
607 4340 660 4394 hoc
679 4340 740 4396 HD
753 4345 762 4410 11
777 4347 801 4396 8.
821 4342 849 4398 C.
866 4343 979 4398 amanio
995 4346 1066 4412 MD,
1087 4344 1211 4398 Gaurano
1226 4343 1259 4396 Η
1270 4346 1280 4411 ll
1294 4340 1416 4396 sacrario

128 4410 303 4481 (sacratario
322 4410 381 4482 H)]
400 4413 435 4479 cf.
455 4412 563 4466 Jordan
582 4411 661 4480 ‘Tap
682 4413 708 4466 d.
727 4413 766 4468 St.
786 4413 867 4468 Rom’
888 4416 914 4468 Π
929 4435 958 4485 p.
974 4421 1025 4469 271
1050 4417 1059 4482 l
1083 4421 1122 4468 10.
1143 4417 1194 4468 tua
1213 4414 1286 4480 HD,
1310 4417 1342 4467 tu
1361 4414 1398 4467 Μ
1408 4416 1417 4483 4ξ

130 4488 181 4537 11.
198 4482 404 4554 accommodas]
419 4482 578 4536 commodes
593 4499 609 4539 ς
623 4484 632 4550 ΙΙ
647 4488 689 4538 12.
707 4484 861 4554 remigrare
875 4488 916 4553 M,
936 4494 961 4541 et
975 4505 1008 4541 err
1022 4486 1160 4556 remigare
1174 4486 1211 4552 D,
1226 4485 1364 4555 remigare
1377 4485 1415 4539 H.

128 4553 294 4624 demigrare
308 4555 360 4608 alii
373 4556 382 4622 ll
396 4552 564 4622 quintilibus
578 4556 608 4606 Ψ
617 4557 627 4623 ΙΙ
642 4561 683 4609 12.
696 4560 736 4608 13.
748 4556 876 4625 plurimis
886 4558 920 4610 H
931 4561 940 4626 Η
955 4557 1288 4612 17.18.memmiosal.d.
1305 4559 1370 4625 (sive
1380 4559 1417 4625 a.)

126 4623 242 4680 fusium
259 4624 299 4694 H,
318 4624 449 4679 memmio
469 4643 489 4679 s.
510 4624 536 4679 d.
557 4641 581 4680 a.
601 4624 699 4678 fufium
719 4628 749 4681 D
761 4629 770 4696 ΙΙ
787 4635 826 4683 19.
847 4635 889 4683 20.
909 4628 1087 4682 humanitate
1100 4627 1298 4698 dignissimum
1312 4630 1417 4696 tuaque

126 4694 264 4752 amicitia
281 4696 316 4751 Η
326 4699 336 4767 l
356 4702 399 4751 20.
419 4695 461 4750 ita
480 4699 508 4749 te
527 4699 632 4751 tractes
652 4698 760 4766 [11121.
780 4699 890 4770 mlhl'll,
908 4718 963 4755 ras.
984 4706 1053 4754 1-2
1073 4702 1135 4767 litt,
1154 4701 1191 4753 Μ
1205 4701 1275 4768 1125.
1295 4699 1417 4753 uolater·

126 4767 212 4824 ranis
232 4784 256 4827 ς.
289 4774 405 4824 cranam
422 4768 458 4834 cf.
474 4768 501 4822 0.
517 4770 542 4822 I.
556 4769 591 4823 L.
610 4767 656 4835 XI,
673 4775 686 4821 1
703 4787 733 4838 p.
749 4774 880 4840 3251126.
896 4777 938 4826 27.
958 4770 1115 4826 retulerunt
1129 4771 1190 4826 HD
1203 4774 1212 4840 n
1227 4771 1296 4825 meis
1315 4788 1367 4825 nac
1388 4769 1418 4824 in

125 4841 191 4897 lab.
212 4840 364 4907 Victoriae,
387 4839 457 4894 meis
476 4856 527 4893 nce
546 4839 615 4894 meis
634 4839 690 4894 lab.
712 4841 784 4911 HD,
804 4843 873 4897 meis
893 4844 949 4912 (fia.
969 4861 1006 4900 vs.
1026 4862 1086 4900 cam
1105 4851 1175 4915 spot.
1195 4845 1290 4913 arira)
1308 4842 1365 4898 lab.
1385 4843 1423 4898 M

1147 4939 1180 4987 2¹2
1190 4933 1202 4962 *
