3286 5460
607 397 862 452 EPISTVLARVM
881 399 913 454 x.
934 404 976 453 ao.
996 403 1038 452 e1.
1398 397 1460 462 271

274 559 386 623 audita
416 581 450 622 re
481 558 610 624 Hirtius
640 583 712 624 cum
744 561 932 625 cohortibus
961 578 1008 624 xx
1038 561 1198 624 veteranis
1227 561 1374 625 redeunti
1401 563 1463 625 An-

184 666 275 730 tonio
305 666 337 729 iu
367 688 426 730 sua
453 673 561 731 castra
589 667 729 732 occurrit
758 668 932 751 copiasque
961 665 1030 730 eius
1054 667 1160 731 omnis
1188 666 1308 732 delevit
1335 666 1463 752 fugavit

184 774 360 857 eodemque
385 773 471 858 loco,
499 775 554 839 ubi
578 778 649 838 erat
676 779 865 860 pugnatum,
889 775 929 839 ad
949 773 1070 838 Fomm
1091 772 1274 857 Gallorum,
1298 773 1462 839 Antonius

184 903 258 944 eum
288 880 453 965 equitibus
484 881 566 946 hora
593 882 700 946 noctis
733 888 850 966 quarta
878 904 911 945 se
940 882 974 945 in
1006 887 1113 946 castra
1146 903 1204 946 sua
1232 881 1270 944 ad
1299 879 1461 945 Mutinam

158 986 318 1071 srecepit3
346 986 477 1052 Hirtius
500 988 534 1052 in
558 1010 595 1051 ea
624 992 731 1053 castra
758 989 854 1071 redit,
881 989 965 1052 unde
988 987 1095 1052 Pansa
1123 987 1253 1053 exierat.
1299 988 1356 1051 ubi
1380 988 1495 1052 duest

182 1092 329 1178 legiones
352 1095 538 1179 reliquerat,
562 1117 644 1179 quae
664 1095 705 1159 ab
724 1093 869 1159 Antonio
894 1099 986 1160 eraut
1011 1102 1225 1181 oppugnatae.
1264 1095 1310 1160 sic
1334 1098 1461 1179 partem

184 1201 341 1265 maiorem
370 1223 501 1266 suarum
534 1202 701 1287 copiarum
730 1202 893 1266 Antonius
922 1202 1033 1266 amisit
1065 1207 1305 1285 veteranarum,
1337 1222 1396 1265 nec
1428 1200 1462 1264 id

183 1311 293 1372 tamen
326 1309 393 1373 sine
427 1309 537 1392 aliqua
569 1309 695 1375 iactura
727 1308 910 1373 cohortium
943 1309 1179 1393 praetoriarum
1212 1312 1398 1373 nostrarum
1428 1311 1462 1370 et

183 1413 321 1499 legionis
348 1414 487 1480 Martiae
517 1415 586 1480 fieri
613 1416 730 1500 potuit.
782 1416 910 1500 aquilae
938 1416 1034 1498 duae,
1067 1416 1162 1502 signa
1184 1433 1230 1480 Lx
1255 1419 1332 1479 sunt
1360 1415 1463 1478 relata

144 1540 170 1579 ro
184 1521 333 1586 Antonii:
357 1544 409 1586 res
433 1524 514 1588 bena
538 1526 633 1609 gesta
655 1527 715 1587 est.
761 1544 788 1588 a
807 1524 836 1587 d.
855 1541 916 1587 xv1
935 1521 972 1587 K.
992 1521 1068 1588 Mai.
1093 1546 1131 1587 ex
1154 1523 1281 1588 castris.

696 1734 810 1801 xxxi
847 1733 952 1824 (sos.)

437 1876 472 1945 o.
494 1877 674 1946 Asrmvs
698 1877 856 1944 Pacuio
881 1876 1089 1944 orouaour
1114 1877 1145 1943 s,
1171 1878 1208 1942 u.

272 2021 408 2088 Minime
436 2023 555 2088 mirum
584 2023 645 2087 tibi
673 2022 769 2088 debet
799 2022 899 2087 videri
928 2023 1009 2087 nihil
1034 2045 1084 2086 me
1109 2020 1279 2104 scripsisse
1302 2021 1341 2084 de
1364 2043 1398 2085 re
1421 2038 1494 2105 p.,1

184 2134 298 2213 postea
330 2151 428 2214 quam
460 2129 544 2194 itum
577 2135 628 2194 est
658 2129 698 2194 ad
730 2151 835 2211 arma;
868 2151 944 2193 nam
976 2130 1080 2193 saltus
1111 2125 1373 2212 Castulonensis,
1406 2129 1460 2212 qui

145 2257 313 2321 asemper
341 2238 447 2302 tenuit
473 2242 603 2302 nostros
632 2235 833 2318 tabellarios,
863 2235 927 2300 etsi
954 2258 1039 2301 nunc
1067 2235 1342 2320 frequentioribus
1365 2234 1462 2299 latro·

184 2341 279 2408 ciniis
312 2344 463 2408 infestior
494 2342 601 2408 factus
630 2347 693 2424 est,
726 2347 837 2407 tamen
868 2364 1073 2427 nequaquam
1101 2346 1194 2407 tanta
1221 2342 1256 2404 in
1284 2363 1377 2406 mora
1404 2345 1462 2424 est,

184 2454 307 2533 quauta
339 2450 395 2535 qui
427 2451 508 2515 locis
541 2450 692 2514 omnibus
725 2449 876 2534 dispositi
908 2451 949 2513 ab
981 2453 1117 2533 utraque
1149 2452 1242 2533 parte
1276 2453 1463 2513 scrutantur

185 2556 376 2622 tabellarios
405 2561 438 2621 et
464 2557 623 2640 retinent3
656 2557 782 2641 itaque,
805 2557 868 2621 nisi
896 2579 977 2621 nave
1007 2557 1152 2641 perlatae
1184 2556 1313 2620 litterae
1345 2559 1462 2638 esseut,

185 2663 318 2727 omuino
342 2663 515 2749 nescirem,
545 2664 622 2748 quid
646 2663 721 2728 istic
744 2665 846 2728 fieret.
891 2685 977 2728 nunc
1003 2686 1079 2729 vero
1107 2647 1222 2728 nactus
1252 2662 1463 2743 occasionem,

144 2792 171 2830 ao
186 2774 301 2853 postea
325 2793 422 2855 quam
443 2770 591 2856 navigari
611 2774 758 2855 coeptum
783 2774 841 2853 est,
864 2769 1071 2854 cupidissime
1095 2775 1129 2833 et
1152 2792 1250 2854 quam
1269 2768 1462 2832 creberrime

183 2881 299 2960 potero
323 2877 464 2942 scribam
487 2877 526 2941 ad
552 2881 592 2942 te.
639 2899 678 2942 ne
703 2899 835 2941 movear
863 2876 931 2941 eius
956 2877 1173 2958 sermonibus,
1204 2897 1300 2959 quem
1328 2877 1497 2940 tametsia

183 3003 210 3010 ι-
222 3003 396 3011 ——..—-.—

272 3075 297 3124 9.
317 3074 342 3124 9.
366 3070 393 3124 d.
413 3069 526 3140 fugauit
548 3069 701 3137 eodemque
724 3069 743 3124 l.
771 3071 811 3137 Ψ,
841 3069 866 3125 d.
890 3068 1057 3140 fugauitque
1081 3070 1179 3124 eodem
1203 3069 1222 3124 l.
1242 3087 1270 3138 ς,
1300 3069 1326 3124 d.
1350 3069 1463 3140 fugavit

183 3141 304 3212 <eodem
319 3140 386 3213 die>
401 3140 554 3209 eodemque
569 3139 587 3195 l.
604 3141 770 3211 Wesenberg.
794 3144 829 3208 cs.
845 3141 987 3196 Hetlmntb
998 3159 1027 3210 p.
1038 3147 1071 3194 91
1085 3142 1096 3222 Ι)
1110 3148 1134 3195 3.
1150 3140 1186 3194 ad
1201 3141 1302 3195 Forum
1317 3139 1462 3195 Gallomm

183 3219 208 3266 et
226 3218 251 3266 4.
272 3212 309 3266 ad
328 3211 467 3266 Mutinam
485 3214 536 3268 del.
557 3213 658 3282 Ktepn
676 3213 752 3267 hand
770 3220 838 3267 recte
856 3215 866 3282 Ι)
885 3219 909 3268 b.
928 3211 1013 3283 redit]
1033 3212 1118 3266 rediit
1136 3213 1188 3267 atii
1224 3217 1249 3267 8.
1268 3213 1462 3284 oppugnatae]

184 3285 349 3353 oppugnata
367 3284 527 3353 Nipperdey
546 3287 647 3352 (opnesc.
664 3301 693 3351 p.
709 3287 787 3352 466),
810 3286 858 3339 cin
875 3291 953 3339 reete.
982 3291 1098 3338 ceteram
1118 3290 1237 3354 puncto,
1260 3302 1317 3338 non
1334 3291 1463 3339 commate

179 3360 243 3424 post
261 3353 369 3408 exierat
387 3357 514 3420 distinxi,
533 3372 585 3423 qne
604 3358 691 3424 nrapis
711 3363 855 3424 appareret
873 3356 944 3410 daus
962 3356 1079 3426 tepiones
1096 3355 1131 3409 ab
1146 3355 1269 3409 Antonio
1288 3362 1463 3426 oppnpnatas

183 3428 303 3480 tirorrnm
324 3426 409 3493 fnisse
428 3427 492 3480 illas
510 3427 581 3480 dnos
599 3444 617 3480 a
637 3426 730 3480 Pausa
749 3434 860 3481 enennte
879 3429 910 3481 in
929 3428 1026 3481 castris
1049 3427 1157 3480 relictas
1175 3426 1207 3497 (5
1221 3428 1248 3494 9)
1261 3429 1271 3494 1)
1286 3431 1309 3479 t.
1329 3425 1461 3480 antonius

182 3513 217 3551 en
235 3495 348 3551 antonia
367 3497 418 3550 M⁰
440 3498 450 3566 Ι)
474 3501 496 3550 7.
517 3501 541 3550 8.
564 3512 616 3550 nec
638 3495 668 3548 id
692 3498 786 3550 tamen
811 3497 870 3551 sine
895 3496 991 3566 aliqua
1009 3498 1055 3565 M,
1079 3512 1131 3550 nec
1150 3495 1179 3548 id
1198 3499 1293 3550 tamen
1311 3514 1346 3550 ne
1366 3495 1463 3564 aliqua

182 3567 225 3621 D¹
244 3585 328 3634 corn,
349 3583 401 3621 nec
423 3568 521 3621 tamen
543 3565 599 3636 ipsi
623 3583 658 3620 ne
682 3565 779 3636 aliqua
798 3568 871 3622 111)Ι
899 3575 908 3635 Ι)
936 3573 961 3624 8.
980 3566 1196 3638 praetoriarum]
1219 3567 1462 3636 praetorianarum

183 3639 257 3708 ΜΗ,
275 3637 499 3708 pretorianorum
517 3637 547 3692 D
560 3642 569 3709 Ι
584 3643 624 3692 10.
644 3654 687 3692 res
708 3637 776 3707 HD,
795 3657 824 3693 re
843 3641 880 3693 M
895 3641 904 3707 ΙΙ
923 3658 968 3692 xvi
986 3640 1145 3705 Manutius,
1162 3657 1201 3690 111
1224 3642 1259 3707 Ψ,
1278 3657 1334 3691 xvn
1352 3639 1440 3694 Rnete
1454 3680 1463 3708 „

185 3715 225 3764 19.
240 3711 337 3765 Asinii
350 3711 487 3765 Pollionis
504 3717 612 3779 praeter
629 3712 761 3778 epistulas
774 3713 905 3782 reliquias
919 3712 1083 3781 eollepeinnt
1098 3710 1135 3763 H.
1151 3709 1247 3781 Meyer
1265 3713 1313 3779 (or.
1324 3710 1402 3764 Rom.
1413 3712 1462 3776 siu*

180 3799 208 3851 p.
223 3783 336 3852 48700.)
359 3787 384 3836 et
402 3781 440 3836 H.
457 3782 537 3836 Peter
561 3782 633 3850 (hiet.
652 3781 731 3836 Rom.
750 3784 786 3849 fr.
804 3799 831 3850 p.
846 3787 898 3835 989
908 3786 971 3852 sp),
1000 3801 1023 3837 a.
1050 3788 1192 3850 praeterea
1210 3783 1234 3835 I.
1250 3781 1286 3835 R.
1303 3781 1462 3836 Therbectii

183 3853 419 3908 dise.L.Bat.a.
435 3857 504 3908 1890
524 3854 564 3908 ed.
583 3854 682 3923 paens
700 3870 733 3907 ee
751 3855 876 3922 reliqniis
894 3871 962 3922 qnae
980 3855 1013 3907 cte
1032 3854 1110 3907 illins
1129 3869 1224 3922 penere
1242 3853 1352 3907 dicendi
1369 3853 1434 3907 cotti
1458 3854 1462 3863 '

181 3926 287 3992 possint
305 3925 405 3994 optime
422 3926 547 3993 exposuit
565 3924 593 3978 J.
608 3924 646 3979 H.
662 3924 784 3978 &nnete
803 3925 893 3993 t‘e'tber
906 3926 931 3979 d.
948 3924 1189 3994 Spraetpebranct
1201 3925 1228 3977 d.
1243 3924 1291 3978 As.
1307 3924 1351 3977 P.’
1373 3926 1413 3979 ed.
1455 3967 1461 3978 .

184 3995 328 4050 Moreacbii
357 3997 444 4065 1890).
487 4002 630 4067 practerea
661 3996 749 4050 multa
779 3996 832 4050 buc
860 3997 1029 4063 pertinentia
1055 3996 1218 4064 collegerant
1251 3995 1284 4049 G.
1314 3995 1467 4064 Landprus

185 4067 317 4134 (‘Unters.
336 4083 371 4120 en
392 4066 492 4121 Caesar
510 4084 537 4120 n.
556 4083 576 4119 a.
597 4064 784 4120 Foetseteern'
811 4067 927 4136 Erinnp.
950 4071 1017 4120 1888
1036 4072 1061 4120 et
1086 4067 1123 4119 ‘d
1144 4067 1257 4120 Bericht
1275 4067 1300 4119 d.
1318 4065 1345 4119 0.
1361 4066 1409 4120 Aa.
1429 4069 1460 4117 1¹.

184 4139 249 4192 aber
262 4139 288 4192 d.
303 4155 381 4206 span.
398 4138 528 4192 Unrnhen
542 4138 568 4190 d.
579 4138 605 4191 J.
617 4138 662 4189 48'
679 4139 713 4191 ib.
727 4139 806 4205 1890)
820 4144 844 4191 et
855 4138 889 4191 E.
904 4138 1029 4205 11010110
1039 4138 1144 4202 (Ἦν-011.
1156 4138 1176 4202 s.
1188 4138 1235 4190 lat.
1247 4137 1402 4207 Leucope?
1416 4136 1460 4190 VI.

186 4214 261 4263 1889.
283 4227 312 4278 p.
328 4213 426 4278 step,
454 4210 518 4263 Sita.
542 4209 606 4261 Bcr.
625 4209 650 4261 d.
671 4209 840 4262 Minehener
858 4208 910 4262 Ar.
936 4209 1035 4262 18891
1056 4226 1084 4276 p.
1101 4213 1152 4260 310
1162 4225 1214 4277 sp,
1242 4209 1281 4261 ed.
1311 4209 1374 4261 beili
1399 4209 1460 4274 Afr.

185 4280 261 4350 Lipe.
282 4284 351 4335 1889
368 4298 397 4349 p.
412 4279 476 4333 XXI
489 4280 539 4349 sq.)
558 4286 672 4348 propter
694 4282 848 4348 opinionem
870 4281 949 4333 iilam
973 4297 1028 4349 qna
1051 4281 1148 4333 bellum
1167 4280 1295 4344 Africum
1317 4285 1462 4348 partesque

186 4351 208 4405 b.
226 4352 415 4406 Alexandrini
438 4370 455 4405 a
475 4350 599 4406 Pollione
623 4352 747 4419 prosecta
764 4368 824 4415 ,esse
847 4353 902 4405 sibi
925 4357 1128 4420 persnasemnt.
1165 4352 1245 4403 cnius
1268 4350 1301 4403 de
1324 4351 1463 4418 opinionis

185 4425 295 4478 ueritate
323 4441 377 4493 qna
461 4441 487 4476 m
515 4423 639 4477 dubitari
663 4439 741 4490 posse
769 4440 859 4477 000000
880 4454 909 4461 -
932 4441 954 4478 0.
981 4425 1063 4476 etiem
1086 4421 1120 4475 A.
1137 4422 1241 4474 deler
1264 4422 1374 4475 Bla'tter
1395 4423 1416 4487 s.
1436 4421 1461 4474 d.

186 4493 273 4565 boyer.
290 4495 315 4548 G
337 4512 389 4548 mn.
435 4494 492 4547 XV.
514 4498 592 4546 1889.
608 4498 762 4563 051600,
781 4495 815 4548 R.
832 4494 977 4548 Schneider
989 4494 1139 4548 Janresoer.
1160 4493 1185 4545 d.
1197 4493 1293 4561 philol.
1315 4492 1426 4546 Vereins
1439 4509 1461 4546 t.

187 4564 283 4620 Berlin
296 4564 322 4618 X
349 4565 367 4618 Ι.
384 4569 461 4619 1890.
473 4583 503 4635 p.
516 4570 565 4617 119
576 4582 623 4634 sq,
642 4564 670 4618 li
689 4564 786 4634 Menpe
800 4567 874 4619 Bert.
887 4566 956 4634 phil.
973 4564 1157 4619 Wochcnscbr.
1170 4567 1238 4615 1890
1249 4582 1278 4632 p.
1291 4568 1359 4616 1109
1370 4580 1406 4632 sq.
1420 4596 1461 4630 --,

187 4638 344 4691 utilissimae
376 4643 464 4691 tamen
499 4639 581 4690 etiam
613 4637 650 4690 ad
681 4637 731 4689 bas
761 4635 897 4690 Pollionis
928 4637 1059 4705 epistulas
1090 4636 1265 4689 recensendas
1297 4636 1463 4705 Landprafii

192 4706 379 4777 Wdlsttiniqnc
398 4710 632 4762 commentationes
650 4707 764 4772 sacrant
781 4709 790 4774 )Ι
810 4705 837 4760 C.
858 4708 900 4773 M,
920 4725 969 4762 oni.
991 4706 1052 4759 HD
1069 4709 1078 4775 ΙΙ
1096 4705 1129 4759 D.
1149 4724 1198 4760 om.
1219 4706 1252 4759 H
1268 4709 1277 4773 Ι)
1301 4712 1341 4760 13.
1361 4706 1462 4760 mirum

189 4776 238 4831 tibi
257 4779 302 4847 M,
329 4778 384 4833 tibi
402 4779 503 4832 mirum
523 4778 584 4833 HD
607 4781 615 4846 fl
639 4784 680 4831 14.
702 4777 783 4832 saltis
802 4779 839 4832 M
857 4782 867 4848 ))
890 4783 930 4832 16.
951 4777 1081 4831 infectior
1100 4778 1133 4831 H
1153 4780 1163 4847 Ι)
1186 4779 1387 4832 tremuntur
1406 4779 1442 4832 M
1454 4781 1462 4850 [j

190 4851 230 4904 ⁰¹.
247 4851 371 4922 movear]
391 4866 521 4905 moneare
544 4853 574 4904 Ψ
