3314 5460
766 72 1022 127 EPISTVLARVM
1042 73 1073 127 x.
1094 78 1117 127 4.
1139 78 1163 127 5.
1183 78 1207 127 a.
1566 74 1631 138 245

309 237 375 303 id
412 236 479 300 erit
509 240 617 301 totum
648 240 682 301 st
714 235 883 321 proprium
916 240 1016 300 tuum.
1071 236 1292 301 incredibilest
1329 236 1475 302 omnium
1512 237 1630 302 civium

310 342 535 409 latronibus
563 343 708 428 exceptis
736 342 846 408 odium
874 343 909 406 in
938 343 1131 427 Antonium,
1164 364 1287 429 magua,
1310 366 1385 427 spes
1412 344 1447 408 in
1474 348 1507 408 te
1536 348 1569 408 et
1596 343 1631 408 in

306 458 403 516 tuo
431 450 585 534 exercitu,
608 472 727 537 magua
745 449 956 534 exspectatio,
980 451 1081 534 cuius,
1104 473 1162 534 per
1180 451 1272 515 deos!
1296 450 1422 535 gratiae
1442 450 1629 536 gloriaeque

308 578 425 623 cave
450 561 581 651 tempps
605 556 748 621 amittas.
794 556 842 622 sic
865 579 981 621 moneo
1005 562 1042 621 ut
1065 557 1185 642 filium,
1212 558 1259 622 sic
1283 557 1375 622 faveo
1400 557 1555 642 etmihi,
1583 556 1630 622 sic

241 688 273 728 ει
307 664 465 729 hortor
488 666 526 727 ut
548 667 583 728 et
605 685 665 748 pro
687 662 798 747 patria
820 668 853 727 et
877 662 1119 728 amicissimum.

891 874 947 941 vr.
981 874 1085 963 (aar.)

806 1016 965 1085 croeso
987 1017 1176 1085 scinco,

437 1160 528 1238 Quae
556 1162 685 1251 loeutus
709 1166 759 1226 est
782 1160 922 1226 Furnius
953 1166 1067 1226 noster
1089 1163 1128 1226 de
1152 1161 1260 1225 animo
1290 1165 1347 1226 tuo
1371 1162 1404 1226 in
1429 1184 1497 1226 rem
1520 1186 1565 1247 p.‚
1592 1184 1631 1226 ea

315 1270 540 1356 gratissima
566 1268 698 1336 suerunt
731 1270 873 1355 senatui,
904 1292 933 1352 p.
963 1268 1001 1333 R.
1029 1268 1274 1353 probatissima3
1307 1290 1388 1352 quae
1418 1272 1526 1332 antem
1554 1272 1629 1333 tuae

242 1398 289 1436 ιο
317 1376 506 1443 recitatae
529 1379 606 1440 sunt
629 1375 759 1440 litterae
783 1375 816 1440 in
840 1380 964 1460 senatu,
987 1398 1191 1461 nequaquam
1215 1375 1397 1440 consentire
1421 1397 1495 1440 cnm
1517 1373 1629 1439 Furnii

321 1483 499 1547 oratione
521 1481 610 1547 visae
633 1486 724 1567 sunt3
751 1481 840 1566 pacis
864 1483 950 1547 euim
974 1488 1196 1567 auctoramus,
1220 1505 1293 1547 cum
1317 1482 1444 1568 collega
1466 1487 1560 1566 tuus⁷
1579 1481 1630 1547 vir

322 1587 564 1671 clarissimus,
591 1611 611 1652 a
637 1588 835 1655 foedissimis
865 1589 1048 1654 latronibus
1078 1589 1296 1674 opsiderctur‚
1324 1590 1379 1673 qui
1408 1593 1465 1652 aut
1493 1588 1628 1672 positeis

323 1696 448 1761 armis
486 1717 601 1780 pacem
636 1700 746 1780 petere
783 1696 917 1779 debent,
955 1701 1029 1779 aut,
1067 1696 1093 1759 si
1132 1700 1314 1781 pugnantes
1347 1717 1418 1759 cam
1451 1694 1629 1779 postulant,

326 1801 487 1869 victoria
514 1824 594 1887 pax,
624 1823 690 1867 non
720 1803 871 1887 pactione
899 1803 1096 1887 pariendast.
1143 1803 1215 1886 sed,
1247 1802 1285 1865 de
1316 1824 1393 1885 pace
1420 1801 1550 1866 litterae
1579 1801 1628 1864 vel

269 1932 309 1972 rs
330 1908 463 1995 Lepidi
492 1906 544 1973 vel
571 1912 647 1973 tuae
680 1930 777 1993 quam
806 1908 839 1972 in
868 1912 994 1992 partem
1027 1912 1177 1994 acceptae
1205 1908 1288 1993 sint,
1320 1931 1358 1972 ex
1391 1909 1460 1972 viro
1494 1907 1629 1993 optimo,

329 2016 448 2083 fratrc
472 2019 546 2102 tuo,
568 2020 602 2080 et
625 2036 665 2079 ex
688 2012 722 2081 G.
742 2014 864 2079 Furnio
888 2015 1013 2100 poteris
1037 2036 1242 2101 cognoscere.
1288 2037 1339 2079 me
1364 2019 1473 2079 autem
1498 2014 1629 2099 impulit
1655 2064 1657 2070 s

332 2123 391 2189 tui
416 2122 551 2205 caritas,
573 2125 620 2205 ut,
642 2143 840 2206 quamquam
863 2144 922 2186 nec
946 2121 1008 2185 tibi
1031 2121 1095 2205 ipsi
1116 2121 1287 2185 consilium
1307 2121 1434 2186 deesset
1459 2126 1492 2185 et
1515 2120 1628 2186 fratris

334 2228 525 2313 Furuiique
543 2226 765 2293 benivolentia
782 2228 953 2312 fidelisque
972 2227 1145 2312 prudentia
1162 2226 1224 2291 tibi
1244 2232 1376 2311 praesto
1399 2233 1486 2293 esset
1510 2228 1629 2313 lutura,

339 2336 463 2401 vellem
495 2338 607 2401 tamen
634 2356 725 2399 meae
758 2356 886 2419 quoque
921 2332 1126 2401 auctoritatis
1154 2356 1214 2418 pro
1242 2334 1392 2417 plurimis
1424 2334 1547 2399 nostris
1575 2357 1628 2400 ne

294 2463 328 2502 aa
341 2440 601 2509 cessitudiuibus
633 2446 841 2525 praeceptum
875 2441 915 2504 ad
946 2445 979 2504 te
1013 2440 1145 2525 aliquod
1173 2439 1349 2523 pervenire.
1400 2441 1492 2505 crede
1526 2441 1628 2526 igitur

344 2547 444 2635 mibi,
467 2546 603 2632 Plance,
631 2545 750 2631 omnis,
780 2568 861 2632 quos
890 2548 994 2612 adhuc
1022 2548 1140 2633 gradus
1170 2547 1342 2632 dignitatis
1367 2552 1558 2612 consecutus
1582 2548 1627 2612 sis

350 2691 390 2701 -
414 2676 449 2720 ss
471 2657 582 2720 autem
606 2655 743 2740 adeptus
766 2654 985 2741 amplissimos
1012 2692 1066 2739 -,
1091 2677 1146 2719 eos
1170 2655 1332 2719 honorum
1356 2654 1515 2719 vocabula
1538 2655 1628 2720 habi·

352 2763 455 2845 turos,
479 2784 547 2827 non
574 2760 746 2849 dignitatis
775 2762 930 2846 insignis,
958 2762 1020 2825 nisi
1049 2766 1082 2825 te
1111 2784 1184 2825 cum
1213 2761 1367 2826 libertate
1396 2756 1509 2846 popbli
1534 2761 1571 2826 R..
1595 2767 1629 2827 et

356 2888 425 2933 cum
445 2873 577 2935 sanatus
600 2868 796 2933 auctoritate
821 2867 1035 2933 coniunxeris.
1077 2868 1210 2953 seiunge
1234 2873 1276 2953 te,
1300 2890 1430 2952 quaese,
1453 2868 1628 2952 aliquando

325 2972 397 3037 “ab
419 2975 477 3060 cis,
504 2996 578 3041 cum
607 2973 725 3059 quibus
754 2978 787 3039 te
815 2997 881 3039 uon
909 2977 1002 3038 tuum
1026 2972 1194 3057 iudicium,
1225 2975 1280 3039 sed
1309 2978 1494 3059 temporum
1523 2976 1629 3041 vincla

366 3078 592 3148 coniunxerunt.
644 3082 827 3166 complures
865 3081 898 3144 iu
935 3081 1182 3164 perturbatione
1214 3082 1259 3145 rei
1294 3105 1323 3165 p.
1357 3081 1505 3146 consules
1537 3082 1652 3167 dicti,.

370 3203 487 3267 quorum
513 3211 609 3255 uerno
638 3188 819 3254 consularis
845 3187 980 3252 habitus
1008 3187 1070 3251 uisi
1102 3187 1157 3271 qui
1182 3188 1289 3251 auimo
1315 3187 1424 3252 extitit
1448 3189 1481 3251 in
1506 3211 1573 3287 rem
1596 3213 1626 3273 p.

372 3308 561 3325 ᾖ

8 2530 14 2535 .
46 2520 75 2537 κ

30 2546 82 2573 ’,Ι

5 2574 26 2591 b'

54 2710 157 2759 4>

417 3387 460 3463 ¹1.
478 3379 767 3508 pmpfimssi'omffiss
785 3382 939 3436 Lambinus
956 3382 966 3448 ΙΙ
986 3380 1151 3435 incredibile
1171 3382 1215 3435 est
1233 3380 1295 3435 HD
1317 3383 1326 3448 ΙΙ
1350 3386 1374 3435 3.
1394 3379 1502 3449 gloriae
1521 3397 1575 3449 que
1593 3399 1627 3436 ea

123 3478 177 3499 αι’-
199 3482 203 3487 ·
370 3448 456 3519 duum
472 3468 547 3523 quas
564 3454 618 3509 aad
756 3454 767 3522 fl
786 3458 811 3508 4.
831 3452 926 3523 faveo]
946 3451 1050 3506 suadeo
1070 3454 1104 3507 L.
1120 3452 1224 3507 Ms'iller
1241 3453 1318 3521 (aaa,
1334 3453 1403 3521 phil.
1425 3456 1493 3506 1866
1509 3470 1539 3522 p.
1553 3456 1626 3521 397).

68 3530 72 3542 “
239 3522 274 3539 ’“
410 3525 415 3537 ’
515 3527 521 3539 ’
575 3524 607 3580 s'd
623 3530 783 3594 comeatum
799 3525 836 3578 sit
855 3555 889 3563 --
907 3525 1028 3590 conferri
1045 3531 1159 3605 possth
1177 3541 1237 3578 nc.
1258 3522 1379 3590 &aaz
1401 3521 1456 3575 ‘his
1477 3523 1512 3577 dc
1530 3524 1624 3578 causis

174 3648 187 3657 ,
551 3612 622 3651 areo
645 3593 781 3667 dignitati
803 3597 883 3661 tuae,
907 3612 992 3663 quam
1016 3594 1085 3648 mrhi
1109 3597 1201 3649 tecum
1225 3596 1320 3648 statuo
1344 3593 1445 3647 debere
1469 3611 1530 3649 esse
1554 3612 1628 3650 com-

172 3662 202 3735 ζ
227 3702 257 3733 :--
366 3669 470 3721 nuuam'
494 3700 535 3737 -‚
553 3666 624 3722 mihi
638 3670 733 3737 potios
751 3667 1149 3735 mutem(noniamenplocst
1169 3669 1233 3733 ium,
1254 3666 1384 3735 praedali
1421 3667 1495 3721 ando
1514 3669 1626 3734 sonaci,

132 3737 199 3763 ''²''
244 3792 247 3797 ,
363 3736 466 3793 minori:
490 3740 529 3793 od
546 3738 605 3794 Aa.
624 3738 645 3807 1,
665 3743 690 3807 ὁ,
705 3744 738 3794 2:
764 3739 828 3792 ‘eas
852 3737 963 3791 litteras
987 3736 1025 3791 ad
1048 3753 1111 3790 eum
1135 3736 1214 3804 misi,
1242 3735 1344 3805 quibus
1368 3753 1383 3790 e
1424 3736 1568 3805 placarem
1595 3741 1627 3793 ut

362 3806 463 3865 bubum
482 3812 512 3865 et
529 3825 672 3865 monerem
690 3811 723 3863 ut
740 3808 875 3863 minorem
894 3810 923 3862 et
941 3808 1119 3880 obiurgarem
1138 3810 1170 3862 ut
1188 3809 1352 3878 errautem‘)
1365 3810 1413 3889 ub.
1433 3827 1459 3877 p.
1475 3808 1520 3880 a]
1539 3826 1626 3879 popu-

281 3918 284 3923 ·
358 3878 434 3949 bqus
450 3880 577 3937 Romano
594 3883 647 3937 olii
659 3883 670 3987 ΙΙ
683 3883 750 3935 tuae
769 3881 838 3948 HD,
856 3898 906 3935 om.
922 3881 979 3949 Mn
995 3886 1034 3934 10.
1055 3882 1120 3933 suut
1138 3879 1251 3933 litterae
1271 3879 1341 3945 MD,
1360 3878 1472 3934 litterae
1491 3882 1557 3934 suut
1571 3882 1609 3934 M
1618 3918 1621 3929 .

359 3956 396 4005 1s.
412 3950 471 4007 aba.
489 3970 525 4008 ea
542 3968 601 4023 ops.
621 3952 658 4006 M
680 3954 804 4021 111213.
825 3953 874 4005 aut
891 3949 1009 4020 positeis
1030 3951 1126 4020 armis}
1148 3954 1198 4004 aut
1216 3950 1307 4020 possit
1325 3950 1365 4004 eis
1386 3951 1471 4004 armis
1491 3952 1532 4019 M,
1551 3951 1628 4005 haud

353 4021 460 4095 possint
480 4022 567 4079 armis
586 4023 630 4092 H,
652 4022 729 4078 haud
752 4024 870 4104 possunt
893 4021 978 4075 armis
997 4023 1026 4075 D
1048 4026 1057 4091 ΙΙ
1083 4028 1123 4077 14.
1143 4021 1280 4091 parienda
1303 4025 1347 4075 est
1366 4022 1427 4075 HD
1449 4025 1458 4089 ΙΙ
1482 4028 1522 4077 16.
1542 4023 1629 4077 fratre

352 4098 401 4150 tiro
420 4096 454 4150 in
474 4112 530 4151 ros.
554 4092 601 4149 M¹
627 4096 637 4163 Ι
663 4100 705 4150 21.
731 4092 880 4165 drguitatis
904 4093 1008 4163 gradus
1032 4093 1066 4146 Η
1090 4096 1099 4163 ΙΙ
1127 4099 1168 4148 ⁶22.
1195 4111 1273 4148 es-
1289 4091 1477 4162 amplissimos
1501 4112 1551 4149 orn.
1580 4096 1608 4146 ΙΙ
1627 4098 1629 4103 “

351 4170 393 4223 tt.
416 4168 445 4221 le
467 4182 532 4221 curn
558 4164 690 4220 libertate
713 4183 747 4220 eo
769 4168 860 4220 tecum
889 4163 1022 4219 libertate
1047 4164 1102 4233 11¹,
1131 4168 1159 4219 te
1188 4183 1251 4219 cum
1280 4164 1441 4217 libertatem
1465 4165 1506 4232 D,
1536 4167 1628 4219 tecum

346 4238 511 4295 libertatem
529 4238 566 4292 Μ
581 4238 653 4307 1125.
673 4235 726 4308 eis]
746 4235 790 4290 his
813 4240 847 4303 Ψ,
866 4235 902 4290 iis
922 4255 937 4293 ς
956 4239 965 4303 ll
983 4235 1098 4291 uincula
1117 4238 1178 4291 HD
1196 4240 1205 4304 ΙΙ
1224 4242 1266 4289 26.
1286 4233 1498 4304 perturbatione
1516 4255 1549 4291 eu·
1568 4254 1629 4305 per-

346 4309 464 4365 batione
492 4308 542 4363 Μο
572 4312 583 4377 Ι
614 4306 754 4379 consules]
783 4306 943 4362 consulares
973 4309 1067 4378 Ir'leyn
1095 4313 1135 4377 (p.
1158 4311 1185 4376 9)
1213 4309 1271 4362 coll.
1302 4307 1356 4362 Cic.
1385 4308 1512 4376 Philipp.
1534 4308 1583 4360 Vll
1603 4315 1627 4373 ι’),

342 4382 496 4455 speciosius
514 4397 598 4450 quom
613 4381 722 4505 aazia:
737 4381 783 4505 iii
801 4380 860 4433 alio
877 4381 950 4502 subp
970 4386 1092 4504 {epipam
1115 4381 1172 4463 bic,
1196 4380 1315 4504 (piboltio
1340 4379 1384 4432 ille
1408 4380 1481 4505 iosap
1504 4386 1617 4505 speptotl

342 4453 717 4594 idssoeiffeaiindiedtm'
731 4522 743 4575 I
758 4453 1176 4592 pildd)‚piiiiuriolpiitcB‹iiiiiiii
1222 4466 1240 4503 a
1260 4468 1321 4504 eur
1340 4467 1466 4505 comm
1478 4458 1536 4507 am
1569 4458 1628 4506 ut·

164 3556 207 3595 9
370 3525 478 3594 ΨΜ,
494 3542 520 3579 ⁸⁸

87 3596 132 3631 ε·-
266 3602 278 3611 ’
368 3592 516 3651 muniar
