3314 5460
241 112 306 177 266
694 117 731 172 Μ.
751 116 857 171 TVLLI
876 116 1066 172 CICERONIS

240 284 348 345 tamus
372 302 475 364 neque
499 285 609 345 tumen
638 281 827 368 refugiendo
851 281 1056 347 commissuri
1080 304 1205 367 sumus,
1234 286 1272 347 ut
1296 281 1400 347 mains
1425 281 1652 371 datrix}

241 391 387 452 mentum
418 409 468 451 res
492 411 521 473 p.
550 388 696 473 accipere
719 389 833 474 possit.
881 389 966 472 quod
995 389 1022 453 si
1051 393 1109 453 aut
1131 386 1251 454 Caesar
1279 411 1314 453 se
1342 389 1583 474 respexerit}
1605 410 1651 428 “

241 499 299 559 aut
321 493 493 560 Africanae
516 496 662 582 legiones
686 496 835 560 celeriter
859 496 1015 579 venerint,
1040 517 1171 562 securos
1194 518 1252 561 vos
1275 496 1317 560 ab
1341 496 1404 561 hac
1426 502 1586 580 parta

240 601 418 666 reddemus.
460 607 506 684 tu,
528 606 566 665 nt
585 603 769 687 instituisti,
797 625 847 667 me
871 601 989 688 diligas
1013 626 1094 689 rogo
1118 603 1312 688 proprieque
1336 606 1431 668 tuum
1449 626 1566 672 essa
1629 659 1657 665 -

240 706 300 771 tibi
323 707 526 792 persuadeas.
575 708 656 777 vK.
676 709 764 777 Sext.
788 732 827 775 ex
850 709 975 777 castris.
1220 693 1224 700 ⁸

757 964 858 1030 xxv.
894 961 997 1053 (404.)

638 1123 798 1191 cronno
823 1123 854 1191 S.
878 1124 915 1191 n.
940 1124 1119 1190 uranio.

205 1301 218 1348 1
329 1282 365 1348 Si
383 1284 529 1370 interest,
552 1287 584 1350 id
604 1288 689 1371 quod
708 1287 855 1352 homines
875 1287 1086 1370 arbitrantur,
1109 1286 1154 1350 rei
1174 1309 1203 1370 p.
1222 1288 1265 1371 te,
1283 1290 1321 1351 ut
1340 1284 1512 1351 instituis*
1551 1317 1586 1353 =
1606 1297 1652 1359 11·

239 1395 337 1475 atque
361 1390 477 1476 fecisti,
499 1415 617 1457 navare
642 1417 773 1478 operam
792 1395 952 1478 rebusque
974 1393 1136 1477 maximis,
1159 1415 1241 1477 quae
1265 1393 1305 1457 ad
1329 1393 1542 1478 extinguet
1559 1420 1645 1461 31]-

238 1497 296 1561 das
320 1497 473 1581 reliquias
503 1498 580 1563 belli
609 1499 786 1585 pertinent,
814 1502 983 1585 interesse,
1010 1500 1094 1566 nihil
1122 1500 1240 1565 videris
1267 1500 1385 1565 melius
1413 1520 1654 1584 neqcrue1

238 1604 435 1669 laudabilius
467 1628 571 1690 neque
603 1604 773 1671 honestius
804 1607 910 1673 facere
937 1629 1034 1692 posse
1066 1608 1229 1690 istamque
1257 1628 1391 1691 operam
1417 1612 1628 1692 tuarrJn,

238 1711 430 1796 navitatem,
463 1713 608 1778 animum
639 1714 672 1777 in
706 1737 774 1778 rem
802 1738 832 1798 p.
864 1714 1022 1779 celeritati
1053 1717 1224 1798 praeturae
1257 1714 1622 1798 anteponenda-nm

238 1840 366 1904 cense03
397 1820 474 1883 nolo
508 1820 593 1884 enim
626 1825 658 1885 te
689 1821 853 1906 ignorare,
884 1825 1042 1905 quantam
1075 1820 1203 1885 laudem
1236 1824 1432 1886 consecutus
1460 1819 1619 1895 εῙ-εἰε,

139 1981 143 1986 .
237 1924 318 1990 mihi
342 1926 444 2010 crede,
467 1927 649 2010 proximam
669 1927 799 2009 Planco,
823 1928 918 2012 idque
942 1929 1044 2012 ipsius
1065 1927 1178 1993 Planci
1201 1927 1402 2012 testimonio,
1425 1944 1619 2012 prm-ae·

201 2036 325 2096 nterea
357 2032 444 2097 fama
478 2033 676 2118 scientiaque
710 2035 863 2099 omnium.
910 2037 1121 2119 quemobrem
1149 2034 1177 2099 si
1205 2033 1282 2119 quid
1314 2035 1424 2119 operis
1452 2028 1624 2100 tidini
1635 2049 1653 2087 1⁵

236 2138 335 2203 etiam
364 2161 449 2203 nuuc
478 2143 594 2224 restat,
627 2141 659 2204 id
690 2141 830 2205 maximo
860 2162 955 2225 opere
987 2163 1100 2207 censeo
1134 2141 1408 2226 persequendum
1440 2133 1628 2227 qruluid

236 2246 322 2310 enim
346 2246 515 2311 honestius
540 2251 596 2310 aut
620 2247 695 2330 quid
723 2249 862 2313 honesto
890 2248 1172 2333 anteponendum?
1218 2250 1270 2312 siu
1297 2252 1408 2313 autem
1435 2270 1567 2314 sane
1578 2241 1632 2310 atis

236 2354 359 2418 farctum
387 2354 434 2418 rei
457 2378 487 2438 p.
511 2359 621 2438 putas,
649 2354 796 2418 celeriter
825 2353 865 2418 ad
893 2355 1039 2436 comitia,
1069 2355 1225 2439 quoniam
1251 2358 1379 2420 mature
1406 2355 1634 2421 farndun

237 2465 323 2544 suut,
347 2460 537 2525 veniendum
562 2483 686 2543 censeo,
710 2462 787 2525 dum
809 2462 905 2526 modo
930 2485 968 2525 ne
993 2460 1100 2546 [quid]
1126 2461 1205 2526 haec
1228 2461 1405 2527 ambitiosa
1428 2461 1513 2528 fea
1522 2455 1635 2524 asti·

236 2567 326 2631 natio
350 2567 473 2651 aliquid
497 2568 669 2631 imminuet
692 2568 760 2632 eius
785 2567 918 2653 gloriae,
943 2590 1040 2651 (quam
1064 2569 1239 2634 consecuti·
1253 2590 1376 2634 sumus.
1419 2563 1633 2634 mrttnulti
1647 2593 1657 2614 >r

237 2672 410 2737 clarissimi
440 2674 514 2757 viri,
545 2696 618 2738 cum
648 2675 694 2738 rei
717 2698 747 2757 p.
772 2675 886 2738 darent
914 2696 1058 2758 operam,
1089 2698 1208 2739 annum
1237 2675 1411 2761 petitionis
1438 2698 1513 2741 ευ
1523 2692 1633 2738 auae

235 2801 301 2843 non
325 2780 489 2864 obierunt,
518 2781 604 2865 quod
629 2803 665 2845 eo
691 2781 818 2845 facilius
846 2780 941 2845 nobis
969 2785 1034 2866 est,
1061 2782 1147 2865 quod
1170 2805 1235 2848 non
1260 2787 1312 2848 est
1335 2783 1479 2850 annual
1591 2777 1631 2842 hic

236 2887 297 2950 tibi
328 2888 521 2970 destinatus,
555 2894 605 2971 ut,
637 2889 665 2953 si
694 2888 806 2952 aedilis
836 2888 967 2971 luisses,
1000 2893 1075 2972 post
1102 2889 1269 2955 biennium
1301 2895 1380 2956 tuus
1412 2906 1628 2957 anxurus

235 3000 333 3058 esset:
363 3016 448 3059 nunc
476 2995 558 3058 nihil
587 2996 848 3079 praetermittere
872 2995 1021 3059 videbere
1049 2995 1162 3061 usitati
1190 3000 1224 3060 et
1252 2998 1347 3081 quasi
1375 2991 1624 3085 legit'tctrini

236 3101 393 3185 temporis
423 3103 462 3166 ad
491 3104 673 3186 petendum.
720 3103 810 3167 video
840 3105 949 3166 autem
973 3102 1094 3169 Planco
1123 3125 1200 3188 coa,
1229 3103 1292 3169 etsi
1320 3104 1423 3170 etiam
1444 3125 1524 3168 Β
1571 3099 1650 3163 unes

235 3232 273 3274 eo
293 3209 437 3274 rationes
457 3209 623 3293 expeditas
643 3209 787 3291 haberes,
806 3213 915 3273 tamen
935 3209 1186 3293 splendidiorem
1204 3208 1400 3293 petitionem
1416 3214 1619 3287 cusum,

200 3316 262 3380 esi
287 3317 382 3380 modo
407 3316 472 3381 ista
495 3339 533 3380 ex
557 3316 718 3380 sententia
746 3315 894 3380 confecta
921 3320 1038 3380 essent.
1085 3317 1216 3382 omnino
1243 3317 1340 3401 plura
1362 3339 1415 3383 me
1437 3337 1543 3383 sa
1558 3311 1613 3376 scu·

235 3423 319 3506 bere,
343 3446 417 3488 cum
442 3427 535 3488 tuum
559 3427 688 3487 tantum
708 3421 879 3487 consilium
903 3421 1123 3507 iudiciumque
1147 3423 1201 3509 sit,
1223 3445 1288 3488 non
1313 3424 1361 3489 ita
1383 3439 1610 3490 necoccesrc

235 3529 432 3615 arbitrabar,
457 3532 511 3595 sed
536 3536 646 3595 tamen
665 3529 858 3595 sententiam
883 3551 986 3593 meam
1011 3530 1072 3594 tibi
1095 3530 1243 3616 ignotam
1262 3551 1334 3595 esse
1352 3525 1602 3604 nolebdm

323 3728 347 3778 5.
367 3723 541 3779 v-castris
560 3742 610 3780 om.
631 3725 664 3777 H
684 3725 692 3791 ΙΙ
718 3729 758 3779 1⁶2.
778 3723 935 3777 uanitatem
954 3723 1027 3792 HD,
1053 3723 1235 3778 natiuitatcm
1253 3722 1292 3778 Μ
1310 3727 1320 3793 ΙΙ
1342 3726 1594 3795 suspectu

235 3794 312 3866 dam]
336 3812 392 3850 'rano
415 3804 452 3850 eet
475 3813 525 3850 cur
548 3803 598 3849 ortt
621 3814 681 3850 curu
704 3798 832 3862 Baitero,
897 3797 908 3848 i
931 3811 986 3851 corr
1009 3797 1101 3850 (lubuit
1124 3797 1162 3851 ud
1186 3794 1239 3850 Oia.
1264 3796 1298 3849 de
1321 3796 1368 3863 off.
1386 3795 1413 3864 1,
1430 3794 1548 3855 4.,
1564 3791 1591 3839 ¹4

230 3883 379 3933 provocare
397 3869 442 3935 (cs.
460 3868 487 3922 0.
499 3867 536 3921 F.
552 3868 590 3921 ll'.
603 3867 706 3921 Mulier
722 3867 776 3921 Cic.
792 3884 833 3935 op.
849 3867 861 3919 Ι
889 3910 895 3934 ,
911 3875 926 3919 3
946 3868 983 3921 ad
998 3885 1028 3936 p.
1044 3871 1068 3934 6,
1084 3869 1138 3936 37),
1158 3865 1358 3936 anteponenda
1375 3859 1590 3923 ΜΒΝ

235 3968 266 3976 -
282 3939 354 3992 idem
374 3940 428 3992 ione
445 3938 580 3993 Graevius
599 3940 721 3992 restiterat
737 3970 768 3977 -
784 3945 833 3992 (rut
851 3956 912 3992 cura
927 3954 942 3995 ς
963 3935 1190 4007 anteponendum
1203 3938 1213 4007 l
1227 3943 1269 3992 14.
1284 3936 1385 3993 Planci
1399 3955 1439 3994 om
1500 3950 1530 3983 ·-'·
1541 3926 1572 3980 Η
1586 3948 1589 3953 ’

235 4014 275 4063 15.
296 4007 481 4080 scientiaque]
502 4008 697 4077 sententiaque
717 4027 741 4075 ς,
763 4007 990 4077 conscientiaque
1012 4009 1097 4064 Orelli
1119 4013 1128 4078 l
1152 4014 1193 4064 16,
1212 4009 1516 4078 persequnndum.,-
1535 3996 1572 4050 Μ

235 4085 275 4134 17,
298 4085 338 4135 18.
364 4080 433 4134 satis
458 4081 564 4136 lactum
587 4080 627 4134 rei
651 4099 677 4149 p.
697 4081 743 4147 M,
770 4079 839 4134 satis
863 4080 970 4134 factum
993 4079 1086 4134 officio
1109 4079 1150 4134 rei
1172 4098 1199 4149 p.
1224 4079 1426 4136 satisfactum
1511 4065 1579 4124 HD

233 4168 266 4205 ea·
290 4153 500 4276 interpolatione
524 4160 601 4222 puto.
640 4151 709 4205 satis
738 4152 844 4206 factum
873 4151 978 4219 officio,
1007 4151 1077 4205 satis
1105 4152 1212 4206 factum
1239 4150 1280 4206 rei
1304 4170 1331 4222 p.
1356 4142 1567 4209 ermom

235 4226 274 4275 19.
299 4239 333 4276 ne
378 4239 427 4276 aec
452 4224 524 4291 HD,
552 4240 587 4277 ne
614 4223 683 4291 quid
710 4223 779 4277 haec
804 4224 844 4278 M.
881 4226 933 4277 olii
961 4222 1069 4292 aliquid
1096 4224 1252 4279 delemur
1278 4225 1288 4294 u
1316 4228 1359 4278 ἢ.
1388 4240 1484 4278 norn-
1548 4210 1584 4297 ⁰⁸}

234 4313 283 4347 orn.
296 4293 357 4348 HD
369 4296 378 4363 ΙΙ
392 4294 449 4366 hic]
469 4295 516 4348 hic
530 4294 610 4365 (sic)
626 4297 733 4362 Baiter,
751 4314 807 4351 nore
823 4297 957 4349 intellectu
970 4296 1110 4350 sententia.
1130 4296 1165 4361 ct'.
1176 4294 1327 4350 Moratum
1338 4297 1373 4350 ‘r.
1384 4288 1571 4352 Stans-fif·

234 4364 264 4416 1²¹
278 4382 308 4433 p.
324 4370 415 4432 5⁸28st
440 4370 449 4433 ll
472 4372 514 4419 24.
539 4365 762 4436 praetermittere
785 4383 819 4421 ex
845 4369 904 4419 -ret
926 4368 1047 4421 radordo
1072 4366 1108 4419 Μ
1131 4368 1140 4434 ΙΙ
1167 4364 1280 4438 usitati]
1304 4369 1339 4435 cs.
1365 4361 1582 4423 uma-Ar

234 4435 250 4487 l.
271 4452 291 4488 c.
311 4435 341 4488 1³
355 4454 385 4504 p.
401 4443 493 4504 478,4
520 4438 529 4505 ll
557 4444 598 4492 25.
619 4438 712 4510 video]
737 4437 869 4490 videbam
889 4438 1062 4507 Wesenberp,
1088 4440 1196 4492 cetiaria
1223 4444 1232 4504 l
1260 4453 1317 4493 cos.
1336 4439 1384 4506 M,
1408 4448 1472 4493 eofl
1550 4414 1582 4497 H,

233 4505 347 4630 {cosule
368 4508 396 4560 D
414 4510 423 4575 ll
444 4515 485 4563 ⁸26.
496 4515 556 4634 lii)
564 4509 628 4614 lsine
648 4526 680 4563 eo
700 4508 808 4563 ratione
827 4511 886 4577 (sic)
907 4509 979 4577 HD,
1004 4507 1064 4563 sine
1083 4507 1224 4563 orationes
1241 4550 1261 4579 „
1285 4513 1299 4562 1
1321 4510 1373 4564 liu.
1392 4528 1445 4578 ern,
1460 4484 1567 4561 W
1575 4522 1582 4549 ·,

252 4585 275 4630 ὅ.
296 4592 407 4632 necesse
425 4598 475 4633 our.
