3286 5460
263 352 306 415 66
715 352 752 408 Μ.
771 352 877 406 TVLLI
895 351 1085 407 CICERONIS

262 519 332 579 tum
361 515 437 598 <in>
465 515 572 599 ipsum
599 514 777 580 discessum
807 520 938 580 senatus
971 515 1122 581 incidisse
1150 514 1245 581 credo
1277 536 1366 579 meas
1398 513 1545 598 litteras3

263 622 319 686 sed
342 622 374 685 id
397 621 460 688 feci
488 622 646 687 adductus
674 621 869 687 auctoritate
894 627 927 686 et
950 621 1086 688 consilio
1109 626 1181 706 tuo,
1211 622 1307 706 idque
1331 644 1351 686 a
1374 643 1426 686 me
1455 626 1546 687 recte

263 728 384 793 laetum
413 734 507 814 puto,
539 730 624 813 quod
652 751 718 794 non
746 730 872 814 statim,
899 733 936 793 ut
963 729 1147 814 appellatus
1175 728 1353 813 imperator
1380 728 1460 812 sim,
1488 728 1546 793 sed

262 835 335 899 aliis
355 837 452 902 rebus
471 837 590 902 additis
610 836 808 919 aestivisque
828 834 984 901 confectis
1006 836 1135 901 litteras
1154 834 1309 900 miserim.
1340 834 1422 901 haec
1440 835 1548 921 igitur

262 941 324 1004 tibi
348 947 443 1007 erunt
467 964 576 1027 curae,
605 942 876 1026 quemadmodum
901 941 1059 1026 ostendis,
1086 964 1202 1026 meque
1226 946 1333 1008 totum
1356 947 1391 1008 et
1414 964 1490 1007 mea
1512 946 1548 1006 et
1574 962 1587 1002 e

261 1069 350 1113 meos
375 1050 620 1114 commendatos
643 1048 788 1113 babebis.

810 1225 849 1291 n
886 1225 990 1313 (mc.)

599 1366 759 1434 menno
774 1367 914 1471 ,narro
943 1367 1149 1435 nvncnno
1173 1368 1204 1435 s.

230 1530 242 1576 1
352 1510 433 1577 (lum
458 1516 509 1575 est
532 1511 572 1575 ad
595 1532 655 1576 nos
680 1511 824 1575 adlatum
848 1513 886 1577 de
910 1513 1095 1578 temeritate
1124 1534 1250 1597 eorum,
1281 1512 1337 1596 qui
1361 1512 1422 1577 tibi
1445 1533 1549 1598 nego·

262 1619 344 1682 tium
369 1618 582 1702 facesserent,
610 1618 673 1683 etsi
697 1618 842 1704 graviter
865 1618 971 1702 primo
993 1617 1110 1684 nuntio
1133 1622 1316 1684 commotus
1339 1640 1425 1701 sum,
1454 1620 1546 1702 quod
1561 1640 1587 1679 ιο

261 1725 343 1789 nihil
368 1728 436 1790 tam
463 1730 593 1811 praeter
616 1724 803 1809 opinionem
826 1747 932 1790 meam
956 1725 1100 1791 accidere
1122 1726 1246 1809 potuit,
1273 1729 1397 1808 tamen,
1424 1728 1465 1789 ut
1494 1747 1547 1790 me

263 1831 389 1917 collegi,
412 1837 520 1897 cetera
538 1832 584 1896 mi
602 1831 759 1898 facillima
777 1831 980 1916 videbantur,
1004 1832 1090 1915 quod
1114 1834 1147 1894 et
1169 1831 1204 1895 in
1222 1836 1254 1896 te
1274 1831 1346 1916 ipso
1365 1830 1549 1895 maximam

262 1959 352 2021 spem
381 1941 414 2003 et
443 1939 478 2004 in
511 1940 576 2004 tuis
609 1959 762 2024 magnam
794 1939 956 2004 habebam
989 1939 1157 2022 multaque
1188 1938 1269 2003 mihi
1301 1938 1479 2003 veniebant
1512 1937 1549 2001 in

262 2047 413 2129 mentem,
437 2045 650 2129 quamobrem
669 2045 770 2109 istum
789 2045 936 2111 laborem
954 2044 1017 2110 tibi
1036 2045 1136 2111 etiam
1155 2035 1273 2109 honori
1291 2050 1441 2129 putarem
1459 2044 1550 2129 fore3

262 2151 342 2215 illud
357 2152 453 2237 plane
468 2153 605 2218 moleste
625 2153 697 2238 tuli,
719 2154 804 2237 quod
819 2154 1037 2219 certissimum
1056 2157 1089 2217 et
1107 2152 1325 2218 iustissimum
1340 2150 1547 2237 triumphum
1564 2172 1592 2212 15

262 2257 324 2323 hoc
348 2258 532 2325 invidorum
556 2260 693 2326 consilio
713 2281 783 2324 esse
810 2259 872 2325 tibi
896 2265 1045 2346 ereptum
1063 2259 1228 2325 videbam:
1251 2258 1337 2343 quod
1356 2263 1393 2323 tu
1411 2257 1441 2323 ai
1460 2260 1549 2325 tanti

262 2364 377 2450 facies,
401 2367 514 2450 quanti
538 2384 599 2452 ego
624 2389 752 2452 semper
775 2366 914 2432 iudicavi
936 2365 1120 2432 faciendum
1143 2386 1228 2449 esse,
1258 2364 1357 2429 facies
1381 2363 1551 2448 sapienter

263 2476 296 2534 et
319 2492 396 2557 ages
424 2472 529 2537 victor
552 2496 591 2537 ex
613 2474 821 2538 inimicorum
849 2473 962 2537 dolore
991 2472 1194 2555 triumphum
1222 2470 1454 2554 iustissimum3
1485 2493 1550 2557 ego

263 2578 348 2642 enim
373 2579 467 2663 plane
490 2580 584 2645 video
607 2579 677 2645 lore
700 2582 818 2663 nervis,
841 2580 973 2665 opibus,
997 2579 1159 2664 sapientia
1182 2582 1254 2664 tua,
1276 2576 1487 2643 vehementer
1510 2582 1550 2642 ut

262 2684 412 2751 inimicos
442 2690 516 2751 tuos
544 2688 710 2771 paeniteat
738 2685 1009 2770 intemperantiae
1037 2708 1122 2751 suae.
1165 2686 1204 2750 de
1232 2707 1283 2751 me
1311 2684 1373 2749 tibi
1402 2684 1450 2749 sic
1473 2704 1587 2750 con-so

264 2795 389 2856 testans
411 2793 516 2857 omnis
536 2793 613 2858 deos
628 2793 788 2878 promitto
808 2796 906 2877 atque
925 2794 1092 2877 confirmo,
1114 2815 1164 2857 me
1178 2814 1238 2877 pro
1253 2797 1312 2857 tua
1325 2791 1489 2878 dignitate
1506 2829 1546 2841 -

263 2898 349 2963 malo
383 2899 469 2962 enim
501 2899 622 2985 dicere,
655 2922 752 2984 qnam
781 2921 839 2983 pro
867 2899 972 2964 salute
996 2936 1038 2946 -—
1061 2900 1097 2963 in
1122 2898 1184 2964 hac
1216 2897 1396 2984 provincia,
1429 2897 1483 2963 cui
1510 2903 1546 2962 tu

262 3006 449 3090 praefuisti,
481 3006 625 3091 rogando
654 3005 888 3090 deprecatoris,
920 3005 1098 3070 laborando
1125 3005 1312 3090 propinqui,
1347 3004 1547 3070 auctoritate

264 3112 330 3175 cari
358 3111 515 3197 hominis,
542 3116 581 3176 ut
609 3134 718 3197 spero,
746 3112 831 3196 apud
860 3113 1023 3196 civitates,
1053 3110 1215 3197 gravitate
1243 3110 1453 3195 imperatoris
1476 3132 1546 3175 sus·

263 3221 433 3301 cepturum
467 3218 576 3284 officia
609 3224 707 3303 atque
739 3219 852 3302 partis.
898 3217 1007 3283 omnia
1038 3216 1113 3282 volo
1143 3240 1162 3280 a
1190 3239 1241 3282 me
1272 3222 1306 3282 et
1334 3216 1484 3301 postules
1512 3221 1547 3281 et
1560 3235 1586 3276 se

228 3342 244 3389 a
264 3329 427 3407 expectes:
457 3325 585 3392 vincam
613 3325 695 3391 meis
720 3324 836 3390 officiis
865 3324 1083 3411 cogitationes
1106 3327 1189 3389 tuas.
1232 3322 1269 3400 Q.
1294 3322 1451 3390 Servilius
1475 3345 1546 3408 per-

263 3430 370 3495 brevis
399 3431 481 3496 mihi
504 3455 524 3497 a
547 3437 579 3497 te
607 3432 736 3498 litteras
765 3431 917 3515 reddidit,
948 3453 1029 3515 quae
1058 3429 1139 3495 mihi
1167 3434 1278 3496 tamen
1305 3430 1403 3495 nimis
1425 3420 1545 3517 longae

263 3538 351 3603 visae
375 3543 461 3623 sunt,
484 3539 636 3604 iniuriam
655 3539 742 3605 enim
761 3538 843 3603 mibi
865 3538 937 3602 fieri
955 3538 1123 3622 putabam,
1146 3560 1220 3604 cum
1239 3537 1388 3624 rogabar.
1421 3537 1545 3602 nollem

263 3644 434 3711 accidisset
457 3650 595 3731 tempus,
619 3647 654 3711 in
677 3669 741 3731 quo
765 3644 948 3730 perspicere
967 3667 1089 3731 posses,
1112 3645 1228 3731 quanti
1251 3650 1293 3729 te,
1316 3644 1431 3729 quanti
1448 3640 1547 3709 Pom-

262 3752 387 3837 peium,
420 3775 515 3837 quem
542 3775 643 3818 unum
671 3774 710 3817 ex
739 3751 889 3817 omnibus
918 3750 1017 3836 facio,
1045 3756 1082 3817 ut
1109 3752 1225 3835 debeo,
1252 3751 1401 3836 plurimi,
1429 3749 1586 3835 quentin

263 3857 404 3922 Brutum
426 3857 566 3925 facerem
588 3896 626 3906 —
648 3880 844 3943 quamquam
868 3857 904 3922 in
927 3858 1158 3924 consuetudine
1182 3858 1346 3923 cotidiana
1362 3857 1547 3942 perspexis-

264 3985 326 4049 ses,
349 3965 447 4030 sicuti
465 3966 641 4051 perspicies
657 3990 713 4050 -3
737 3965 802 4049 sed,
826 3964 980 4049 quoniam
1000 3965 1127 4051 accidit,
1149 3966 1177 4030 si
1197 3965 1275 4049 quid
1293 3986 1313 4028 a
1331 3986 1382 4028 me
1400 3966 1547 4048 praeter·

263 4072 401 4136 missum
429 4072 505 4156 erit,
534 4073 744 4137 commissum
767 4070 893 4137 facinus
921 4075 955 4135 et
983 4071 1161 4137 admissum
1189 4072 1324 4137 dedecus
1353 4070 1546 4136 confitebor.

228 4201 244 4248 3
263 4175 467 4263 Pomptinus,
490 4179 546 4262 qui
565 4201 585 4242 a
601 4183 635 4243 te
654 4183 815 4244 tractatus
839 4182 890 4243 est
913 4177 1094 4262 praestanti
1117 4199 1155 4242 ac
1178 4178 1336 4264 singulari
1354 4176 1428 4262 fide,
1451 4176 1546 4243 cuius

264 4304 476 4313 n———-—-.—-

354 4378 377 4425 1.
392 4370 422 4424 in
436 4389 486 4427 om.
496 4374 523 4425 a
536 4374 546 4441 ΙΙ
559 4377 583 4426 8.
599 4372 803 4440 imeriptioaem
817 4387 867 4425 orn.
879 4369 935 4424 GR
947 4370 957 4439 ΙΙ
971 4374 995 4422 9.
1011 4369 1078 4422 dum
1090 4370 1115 4424 G
1129 4373 1139 4451 υ
1153 4375 1193 4424 10.
1208 4368 1375 4424 secesserint
1382 4368 1420 4437 R,
1435 4368 1546 4424 facesse

264 4441 341 4510 rupit
360 4444 409 4510 Gt!
425 4449 464 4496 12.
484 4443 523 4496 mi
542 4445 583 4509 M,
602 4442 672 4496 mihi
691 4440 820 4511 cuquod
839 4441 878 4511 et]
899 4440 973 4507 quod
989 4441 1015 4495 G
1029 4444 1038 4510 ιΙ
1054 4446 1094 4494 14.
1114 4439 1168 4494 trbi
1187 4440 1274 4495 etiam
1292 4459 1343 4496 ora.
1361 4440 1390 4495 R
1404 4442 1415 4510 fl
1429 4445 1472 4495 la.
1487 4441 1545 4495 uic-

263 4515 308 4565 tor
327 4514 368 4579 R,
391 4513 482 4567 uictor
500 4532 533 4567 ern
551 4513 653 4567 uictori
670 4515 792 4568 radendo
812 4513 858 4579 M,
877 4510 968 4564 uictor
986 4511 1077 4565 uictor
1096 4514 1155 4581 (alt.
1173 4530 1234 4582 cap.
1252 4531 1286 4567 m.
1302 4516 1330 4581 2)
1350 4511 1377 4567 G
1394 4514 1405 4581 l
1424 4527 1460 4565 ex
1480 4511 1546 4576 GR.

265 4585 294 4635 et
312 4600 346 4636 cx
360 4584 396 4635 M
408 4585 417 4651 ΙΙ
430 4583 527 4637 doloro
542 4585 577 4637 M
589 4588 598 4652 ll
614 4590 654 4639 19.
669 4583 761 4637 nervis
775 4600 825 4638 om.
841 4582 868 4637 R
881 4586 891 4651 l
905 4588 947 4637 20.
963 4589 1005 4638 21.
1025 4583 1066 4637 sic
1084 4585 1258 4653 contestans]
1280 4583 1304 4636 si
1323 4584 1488 4637 contestans
1503 4583 1546 4651 M,

265 4653 338 4706 sicut
360 4656 468 4706 testans
493 4655 548 4709 GR
574 4660 584 4724 ΙΙ
611 4662 653 4709 22.
678 4654 763 4726 (ita)
787 4653 879 4706 dicere
903 4653 960 4707 alii.
989 4662 1018 4709 nt
1040 4674 1065 4709 c.
1086 4656 1114 4711 0.
1129 4656 1165 4709 F.
1187 4656 1229 4710 lt'.
1244 4656 1348 4709 Metller
1369 4655 1408 4709 ad
1432 4654 1489 4709 cie.
1512 4655 1547 4708 de

264 4725 309 4789 off.
328 4723 362 4789 ll,
377 4730 420 4791 21,
436 4730 469 4777 74
482 4727 491 4793 l
505 4731 547 4777 26.
568 4727 708 4796 expectes]
737 4726 845 4793 spectes
864 4726 969 4791 Ω1129-
990 4725 1126 4780 accidisse
1146 4726 1184 4781 (3¹
1199 4730 1208 4796 ΙΙ
1222 4732 1263 4780 31.
1279 4731 1322 4781 32.
1341 4724 1545 4807 perspexisses]

263 4794 430 4862 perspexisti
450 4796 609 4865 Wesenberp
622 4800 632 4867 ss
645 4803 687 4851 32.
708 4814 726 4848 a
744 4812 778 4849 err
797 4795 833 4847 ad
852 4795 888 4847 M
891 4800 912 4862 ⁰,
930 4802 961 4849 at
979 4798 1034 4851 νίά.
1055 4799 1065 4866 ΙΙ
1085 4803 1127 4852 34.
1146 4797 1325 4868 Pomptinus]
1343 4795 1500 4866 pomrtinus
1517 4798 1546 4850 a
