3286 5460
192 375 257 438 316
643 374 681 430 M.
700 374 806 428 TVLLI
825 373 1014 429 CICERONIS

192 541 240 604 ita
262 538 437 604 Laudiceni
463 539 566 604 multo
591 539 786 604 amentiores
810 539 897 603 ultro
922 538 1150 623 arcessierunt3
1175 562 1215 604 ex
1235 539 1356 624 quibus
1374 538 1465 605 utris·

193 669 255 730 que
276 646 463 711 civitatibus
482 645 680 711 Graecorum
700 646 842 709 militum
861 667 997 710 numero
1016 646 1156 730 speciem
1175 646 1338 712 exercitus
1357 646 1466 712 effecit

193 757 299 818 castra
320 752 422 818 habet
444 757 519 817 ante
543 754 697 838 oppidum
716 751 910 817 Laodiceam
934 752 1043 837 posita
1061 757 1094 818 et
1113 757 1240 838 partem
1259 753 1348 817 muri
1366 754 1469 819 demo·

192 861 270 924 litus
299 865 349 924 cst
382 863 415 924 et
443 865 550 925 castra
582 861 703 944 oppido
736 859 912 925 coniunxit.
959 860 1090 926 Cassius
1117 863 1229 925 noster
1258 882 1333 925 cum
1361 860 1469 926 decem

192 967 376 1052 legionibus
401 971 434 1031 et
458 968 648 1032 cohortibus
672 986 719 1031 xx
743 966 908 1031 auxiliaris
933 972 967 1032 et
986 971 1143 1052 quattuor
1161 966 1302 1032 millium
1321 966 1469 1050 equitatu
1493 988 1504 1027 5

193 1096 212 1136 a
236 1073 367 1136 milibus
390 1097 546 1158 passuum
569 1094 618 1139 xx
642 1077 750 1140 castra
776 1073 877 1138 habet
902 1075 1013 1158 posits
1037 1073 1158 1161 Πάλτῳ
1186 1078 1220 1138 et
1246 1073 1471 1138 existimatae

194 1180 262 1242 sine
286 1181 410 1263 proelio
429 1203 525 1264 posse
544 1182 684 1264 vincere;
707 1203 784 1245 nam
802 1181 869 1244 iam
887 1181 990 1246 ternis
1009 1180 1200 1247 tetrachmis
1219 1180 1368 1245 triticum
1388 1179 1471 1264 apud

194 1284 398 1352 Dolabellam
422 1291 485 1352 e'st:
513 1288 576 1352 nisi
605 1289 681 1372 quid
710 1271 848 1352 navibus
872 1287 1130 1354 Laudicenorum
1158 1287 1377 1373 supportarit,
1408 1287 1472 1352 cito

193 1393 279 1457 fame
302 1399 415 1477 pereat
433 1416 564 1459 necesse
584 1399 647 1479 est3
670 1417 709 1459 ne
729 1398 922 1479 supportare
940 1395 1056 1480 possit,
1079 1400 1113 1459 et
1132 1392 1237 1460 Cassii
1256 1394 1373 1459 classis
1393 1393 1473 1458 bene

195 1521 325 1584 magna,
357 1501 408 1565 oui
432 1504 561 1583 praeest
585 1500 740 1567 Sextilius
764 1500 882 1586 Rufus,
910 1506 943 1566 et
966 1506 1047 1587 tres,
1075 1524 1156 1586 quas
1183 1522 1242 1565 nos
1271 1498 1474 1583 adduximus,
1488 1523 1510 1561 ro

195 1627 270 1689 ego,
294 1606 472 1685 Turullius,
497 1607 661 1690 Patiscus,
692 1608 786 1672 facile
809 1609 1032 1692 praestabunt.
1073 1612 1105 1673 te
1133 1607 1208 1673 volo
1232 1608 1315 1672 bene
1343 1629 1474 1691 sperare

195 1718 228 1775 et
251 1735 319 1776 rem
343 1736 388 1797 p.,
420 1718 457 1779 ut
484 1737 541 1778 vos
570 1715 645 1779 istic
674 1715 863 1799 expediatis,
895 1715 942 1779 ita
973 1738 1033 1800 pro
1060 1718 1175 1780 nostra
1202 1718 1297 1799 parte
1325 1711 1475 1779 celeriter

195 1820 289 1883 nobis
320 1821 463 1904 expediri
491 1844 587 1904 posse
615 1821 783 1887 confidere.
830 1821 909 1887 vale.
951 1822 979 1886 d.
1004 1822 1086 1887 Idib.
1108 1821 1178 1886 Iun.
1202 1820 1326 1906 Cypro,
1357 1821 1476 1906 †acro

195 1928 421 2012 mamyacridc.

719 2071 808 2137 XIV.
843 2068 948 2160 (410.)
1488 2091 1512 2131 rs

457 2231 692 2298 LENTVLVS
717 2229 928 2298 CICERONI
952 2229 1036 2297 SVO
1063 2228 1094 2296 S.
1117 2230 1152 2295 P.
1175 2229 1214 2297 D.

162 2406 173 2452 1
284 2394 365 2458 Cum
388 2392 528 2458 Brutum
552 2398 700 2459 nostrum
731 2394 955 2460 convenissem
982 2414 1121 2477 eumque
1148 2391 1274 2456 tardius
1302 2391 1338 2456 in
1362 2390 1476 2456 Asiam

194 2505 366 2563 venturum
391 2500 689 2585 animadverterem,
713 2501 747 2565 in
769 2501 885 2566 Asiam
908 2500 999 2576 redii,
1022 2505 1059 2564 ut
1082 2498 1237 2582 reliquias
1261 2497 1325 2562 mei
1350 2497 1475 2562 laboris

195 2606 381 2691 colligerem
414 2613 446 2671 et
469 2609 640 2690 pecuniam
669 2631 766 2692 quam
794 2608 936 2692 primum
958 2606 1097 2672 Romam
1126 2605 1300 2670 mitterem.
1342 2605 1475 2669 interim

195 2713 333 2798 cognovi
358 2713 390 2776 in
413 2712 513 2797 Lycia
537 2736 606 2778 esse
631 2715 767 2779 classem
787 2713 977 2778 Dolabellae
1001 2713 1205 2798 ampliusque
1228 2715 1358 2777 centum
1382 2711 1513 2776 navisao

195 2819 369 2901 <mevanias
393 2820 426 2882 in
452 2843 531 2903 quas
556 2822 715 2886 exercitus
745 2822 814 2885 eius
841 2821 967 2904 imponi
992 2823 1119 2905 posset,
1146 2819 1243 2903 idque
1269 2817 1477 2882 Dolabellam

196 2948 233 2988 ea
256 2930 365 2989 mente
390 2949 603 3010 comparasse,
627 2933 678 3012 ut,
702 2929 729 2991 si
754 2927 868 3010 Syriae
893 2949 966 3010 spes
990 2949 1064 2991 eum
1088 2927 1246 2990 frustrata
1273 2928 1374 3008 esset,
1404 2946 1476 2989 con-

196 3034 363 3096 scenderet
387 3033 419 3096 in
445 3035 535 3098 navis
559 3039 592 3098 ct
615 3034 746 3099 Italiam
775 3037 900 3117 peteret
929 3056 1027 3118 seque
1058 3056 1131 3099 eum
1160 3030 1314 3097 Antoniis
1343 3035 1377 3095 et
1406 3029 1477 3094 reli·

197 3139 269 3220 quis
293 3140 476 3203 latronibus
502 3141 726 3225 coniungeret:
757 3141 847 3205 cuius
871 3140 917 3204 rei
941 3145 1034 3205 tanto
1058 3141 1092 3204 in
1116 3139 1234 3204 timore
1257 3137 1319 3218 fui,
1346 3141 1384 3201 ut
1409 3156 1475 3201 om·

196 3245 292 3309 nibus
316 3246 412 3309 rebus
436 3248 558 3311 relictis
583 3271 654 3313 cum
678 3247 887 3332 paucioribus
911 3252 944 3312 ct
968 3248 1149 3312 minoribus
1175 3245 1313 3310 navibus
1337 3244 1377 3309 ad
1402 3243 1475 3308 illas
1489 3265 1513 3304 a

161 3365 174 3408 ι’
198 3352 243 3415 ire
268 3357 403 3417 conatus
427 3354 496 3418 sim.
540 3378 621 3439 quae
650 3378 715 3438 res,
743 3356 770 3419 si
800 3377 819 3419 a
846 3354 984 3419 Rhodiis
1011 3376 1078 3419 non
1105 3374 1209 3418 essem
1236 3350 1475 3435 interpellatus,

286 3553 307 3600 1.
328 3545 481 3601 Laudiceni
503 3549 646 3617 Maccius,
664 3547 818 3602 lauidiceni
837 3547 907 3617 (laui
926 3546 1018 3601 diceni
1038 3547 1083 3616 Η)
1103 3549 1140 3601 Ψ.
1167 3543 1320 3599 Laodiceni
1338 3544 1392 3597 ulii
1411 3545 1422 3611 Ι
1442 3559 1476 3596 ax

195 3618 298 3686 quibus
318 3619 363 3685 M,
383 3618 456 3672 ultro
476 3621 537 3689 (sic)
556 3619 617 3673 HD
639 3623 648 3690 fl
671 3627 694 3673 2.
714 3638 857 3674 taunucum
875 3626 938 3674 uate
955 3634 1071 3672 numero
1090 3617 1347 3685 raucosraucos
1368 3614 1454 3670 Orelli
1474 3678 1476 3682 Ι

196 3698 219 3743 3,
240 3690 398 3743 laodiceam
416 3691 458 3757 M,
477 3689 635 3745 laudiceam
655 3691 715 3745 HD
736 3695 744 3759 ΙΙ
768 3697 792 3745 ὁ.
813 3689 959 3743 auxiliaris
978 3691 1020 3758 M,
1040 3688 1087 3742 -iis
1107 3689 1168 3742 HD
1190 3692 1199 3753 ll
1221 3684 1344 3740 millium
1361 3686 1406 3752 M,
1425 3683 1476 3738 mi-

196 3761 264 3815 lium
284 3761 346 3814 HD
363 3765 372 3830 ΙΙ
393 3768 417 3814 6.
437 3759 550 3835 Hatra]
569 3764 715 3816 ΠΑΛΤΩΙ
732 3762 777 3825 Μ,
798 3763 947 3815 ΠΑΝΊῺΙ
964 3762 1006 3829 M,
1030 3761 1184 3814 ΠΑΜἸὩΙ
1200 3759 1245 3815 D,⁴
1271 3754 1373 3829 Πάλτῳ
1388 3763 1477 3826 potest

196 3834 306 3898 (tetradi
324 3835 370 3901 (cf.
390 3834 515 3903 Kcucpcr
533 3851 572 3904 pr.
594 3834 643 3889 Gr.
662 3838 709 3902 46,
726 3841 754 3902 1,
769 3835 810 3902 4),
836 3839 922 3900 potest
945 3835 1008 3886 item
1030 3833 1133 3900 suscipi
1151 3831 1279 3884 Munatii
1297 3830 1413 3881 Παλτοὶ
1446 3825 1477 3880 ἐν

197 3902 297 3957 Hatra
316 3911 365 3958 aut
384 3906 421 3958 od
438 3904 539 3958 Πάλτω
558 3906 619 3974 (sic)
642 3906 809 3974 Wesenberg.
838 3905 952 3973 ἀείρεο
976 3905 1032 3957 loco
1050 3921 1074 3957 o.
1096 3902 1123 3957 G.
1139 3901 1243 3955 Malles
1262 3901 1364 3969 adpro
1401 3898 1476 3954 ,θη

197 3977 262 4028 cuin.
281 3959 293 4026 l
309 3994 337 4043 p.
355 3980 405 4027 473
433 3977 442 4043 ΙΙ
471 3980 494 4030 7.
514 3975 716 4044 tetracmhmis,
735 3994 764 4029 m
782 3993 842 4043 exp.
862 3975 920 4042 Μ’,
939 3975 987 4041 Μ,
1006 3972 1172 4027 tetrachinis
1191 3972 1233 4038 D,
1252 3972 1281 4024 te
1299 3971 1362 4023 trac
1386 3968 1420 4023 ”s
1439 3968 1477 4023 H.

197 4046 411 4100 tetrad1·ach1nis
432 4065 455 4105 ς.
488 4049 520 4101 dc
543 4050 632 4112 forero
655 4048 705 4101 illa
727 4066 751 4101 v.
771 4047 889 4100 Haltsclr
914 4046 1016 4099 licetret.
1035 4047 1129 4114 script.
1148 4044 1174 4096 Π
1194 4062 1223 4112 p.
1238 4047 1298 4095 220.
1319 4045 1385 4108 269,
1415 4041 1477 4095 Liu.

197 4117 319 4185 XXXIV,
336 4124 377 4185 52,
393 4123 417 4179 6,
436 4118 627 4187 Dittcabcrpcr
645 4120 706 4189 syll.
726 4121 806 4172 iresca
829 4118 877 4172 Gr.
897 4121 957 4184 367,
978 4121 1019 4171 14.
1039 4122 1081 4169 40.
1102 4120 1153 4167 215
1172 4116 1223 4183 118.
1243 4114 1293 4167 est.
1316 4110 1403 4164 ninisi
1423 4112 1459 4165 M
1470 4152 1473 4162 .

197 4189 407 4242 laodicenorum
427 4189 516 4257 (laudi
536 4205 667 4243 cenorum
689 4191 732 4259 Η)
754 4192 790 4258 Ψ,
808 4187 1029 4242 Laodicenorum
1048 4188 1099 4241 olii
1117 4189 1127 4255 ΙΙ
1145 4193 1170 4240 9.
1189 4183 1291 4254 possit]
1310 4184 1409 4252 posset
1429 4182 1479 4251 ΨΙΙ

200 4284 239 4331 11,
260 4276 391 4331 turullius
411 4278 457 4344 M,
483 4245 601 4333 tulul⁷ius
620 4279 661 4343 D,
685 4276 784 4331 tullius
804 4278 833 4330 H
856 4280 864 4345 ΙΙ
887 4279 915 4330 te
935 4275 1010 4348 volo]
1035 4278 1064 4329 et
1082 4274 1199 4355 uoluae
1220 4277 1229 4340 ΙΙ
1243 4278 1296 4356 Ι12.
1316 4274 1349 4325 ut
1366 4272 1431 4354 vos]
1451 4272 1479 4325 et

198 4367 247 4402 uos
270 4352 300 4401 Ψ
325 4352 334 4416 ll
362 4349 500 4421 celeriter]
526 4349 653 4405 celeriter
676 4348 729 4402 iter
749 4352 780 4402 Ψ
805 4351 814 4416 ΙΙ
842 4345 1256 4417 13.nobis]<a>nob1sali1.
1285 4345 1320 4410 cf.
1338 4343 1478 4396 Tsllmarm

197 4428 248 4473 acl.
260 4439 320 4473 arn.
335 4421 448 4489 Erluap.
460 4422 492 4475 Π.
510 4428 586 4476 1881.
599 4440 628 4491 p.
641 4426 718 4489 77sq.
739 4427 853 4475 ceterum
864 4417 990 4488 expediri
1004 4417 1085 4472 nobis
1097 4418 1157 4470 MD
1170 4420 1180 4483 ΙΙ
1195 4421 1289 4468 1314.
1306 4430 1477 4481 acromamy·

198 4491 294 4545 acride
314 4495 358 4559 (ac
377 4508 455 4545 roma
473 4492 616 4561 myacride
636 4491 718 4562 HD)]
745 4510 799 4560 qaeu
817 4493 907 4558 formu
930 4492 1049 4544 uorrn'ais
1067 4491 1111 4558 (cs.
1134 4489 1161 4541 0.
1176 4488 1281 4541 Matllcr
1299 4487 1315 4538 1.
1332 4503 1355 4566 ο.1
1371 4503 1401 4554 p.
1416 4486 1478 4551 486)

196 4583 262 4619 usus
281 4566 316 4617 sit
338 4563 447 4616 Classius
465 4567 605 4619 incutiam.
635 4580 652 4617 a
671 4561 914 4630 Crommyoacride
931 4561 1098 4630 lt'esenoerp,
1117 4555 1395 4625 aCrommyuacrrde
1413 4555 1478 4620 aaa

201 4641 238 4689 16.
259 4636 291 4688 dc
312 4636 343 4688 P.
359 4636 472 4688 Lentuli
494 4655 588 4706 peracre
611 4636 720 4690 dicendi
743 4640 869 4688 accurrate
892 4634 1021 4687 disseruit
1040 4632 1074 4686 A.
1091 4632 1195 4685 Koma
1219 4629 1296 4683 ‘atbcr
1314 4629 1341 4682 d.
1361 4626 1476 4697 spraau

196 4764 215 4814 d
237 4763 329 4824 Bricl'c
344 4762 369 4815 d.
385 4762 416 4814 P.
429 4760 570 4815 Cornelias
584 4760 719 4815 Lanatus
733 4758 873 4826 Spintlrer'
886 4775 979 4826 propr.
997 4757 1168 4824 Norimbcrp.
1185 4754 1334 4822 18901122.
1350 4717 1476 4814 fricata

197 4854 209 4885 s
229 4852 246 4883 n
268 4832 323 4899 MC,
347 4833 384 4899 M,
405 4832 527 4884 frustata
547 4831 656 4900 Η1128.
677 4846 761 4900 seque
781 4847 814 4885 ccc
834 4828 913 4896 sique
932 4829 970 4882 Μ
973 4834 985 4862 ⁰
