3286 5460
607 388 863 459 arrsrvmavu
881 389 928 443 ur.
949 395 990 443 ιο.
1011 395 1052 443 11.
1429 389 1468 452 ῃ

189 555 334 640 inquies,
361 551 414 618 ‘an
438 553 476 618 de
499 551 704 618 maiestate?
742 553 874 617 adrem
901 551 997 636 nihil,
1028 553 1167 617 alterum
1195 551 1281 616 enim
1308 574 1375 619 non
1397 554 1472 619 atti·

189 662 285 748 gisti,
317 661 455 725 alteram
485 658 619 744 auxisti3
651 660 802 743 †verum
830 664 939 724 tamen
969 663 1020 724 est
1052 658 1207 724 maiestas
1225 696 1269 705 —
1287 660 1350 725 etsi
1379 659 1471 725 Sulla

190 767 305 854 voluit,
327 790 369 833 ne
391 765 426 831 in
449 766 595 851 quemvis
619 767 739 852 inpune
762 766 936 832 declamari
959 766 1072 832 liceret
1090 803 1143 850 -,
1166 765 1309 832 ambitus
1327 790 1404 832 vero
1422 767 1472 832 ite

190 879 339 960 apertam
359 873 424 938 vim
443 873 552 957 habet,
575 876 613 939 ut
630 878 688 939 aut
706 878 875 940 accusetur
893 873 1030 958 inprobe
1050 876 1108 937 aut
1125 871 1325 938 defendatur.
1354 875 1470 958 †quod

160 982 278 1048 senim
310 980 398 1046 facta
431 1002 529 1045 necue
563 980 652 1046 facta
683 980 814 1067 largitio
847 980 992 1065 ignorari
1024 981 1157 1066 potest?
1197 984 1328 1045 tuorum
1361 984 1470 1046 autem

189 1089 351 1155 honorum
371 1109 484 1154 cursus
507 1086 560 1153 cui
583 1092 753 1172 suspectus
773 1109 928 1171 umquam
951 1086 1037 1152 fuit?
1073 1109 1124 1151 me
1143 1087 1308 1172 miserum,
1331 1087 1470 1171 quinon

189 1195 363 1261 adfuerim!
401 1216 483 1278 quos
516 1215 577 1280 ego
612 1194 698 1260 risus
730 1193 937 1260 excitasseml
980 1194 1036 1259 sed
1064 1194 1103 1258 de
1136 1193 1317 1259 maiestatis
1349 1193 1505 1259 iudicioa

189 1303 254 1368 duo
278 1301 360 1367 mihi
383 1301 441 1366 illa
462 1324 502 1366 ex
525 1301 591 1366 tuis
615 1301 735 1367 litteris
758 1301 991 1366 iucundissima
1013 1300 1158 1365 fuenmt:
1188 1323 1303 1384 unum,
1326 1300 1412 1385 quod
1436 1305 1469 1366 te

189 1409 232 1473 ab
255 1408 329 1493 ipsa
351 1430 385 1472 re
408 1407 540 1493 publica
562 1407 729 1473 defensum
753 1407 878 1492 scribis,
903 1430 984 1492 quae
1008 1407 1137 1491 quidem
1162 1407 1260 1471 etiam
1284 1407 1318 1471 in
1343 1429 1470 1472 summa

144 1538 175 1576 10
189 1516 351 1580 bonorum
380 1519 413 1579 et
440 1513 576 1579 fortium
604 1513 724 1580 civium
751 1515 846 1600 copia
872 1514 958 1580 tueri
985 1513 1068 1579 tales
1096 1512 1183 1578 viros
1211 1513 1357 1597 deberet,
1384 1537 1469 1580 nunc

188 1643 267 1686 vero
295 1642 333 1686 eo
361 1621 482 1707 magis,
514 1622 599 1706 quod
630 1625 722 1686 tanta
753 1621 888 1707 penuria
915 1625 966 1686 est
993 1620 1028 1685 in
1056 1619 1144 1685 omni
1172 1619 1224 1685 vel
1256 1619 1389 1685 honoris
1418 1622 1468 1685 vel

188 1727 308 1793 aetatis
332 1728 449 1813 gradu,
477 1731 514 1792 ut
537 1731 605 1791 tam
629 1728 710 1792 orba
733 1726 848 1793 civitas
878 1727 954 1792 talis
983 1731 1109 1793 tutores
1138 1726 1309 1811 complecti
1337 1727 1468 1813 debeat3

188 1834 342 1918 alterum,
375 1835 462 1919 quod
494 1833 629 1918 Pompei
660 1838 694 1898 et
721 1834 816 1899 Bruti
848 1836 945 1901 fidem
976 1834 1300 1917 benevolentiamque
1333 1833 1468 1899 mirifice

188 1940 316 2005 laudas:
335 1940 441 2005 laetor
458 1941 580 2005 virtute
599 1944 633 2005 et
651 1939 760 2005 officio
775 1963 873 2024 quom
892 1945 1024 2006 tuorum
1037 1941 1303 2024 necessariorum,
1322 1962 1468 2006 meorum

145 2071 175 2110 rs
188 2046 476 2132 amicissimorum,
507 2051 577 2112 tum
605 2047 738 2112 alterius
767 2048 910 2113 omnium
939 2047 1119 2113 saeclorum
1147 2051 1180 2111 et
1208 2047 1355 2132 gentium
1382 2048 1468 2132 prin-

188 2153 286 2239 cipis,
313 2153 448 2218 alterius
471 2153 684 2238 iampridem
708 2153 901 2239 iuventutis,
929 2154 1090 2238 celeriter,
1118 2157 1156 2218 ut
1179 2175 1288 2238 spero,
1315 2152 1468 2219 civitatis.

188 2261 229 2325 de
247 2260 477 2326 mercennariis
497 2260 638 2325 testibus
657 2281 677 2323 a
695 2259 763 2325 suis
783 2259 971 2326 civitatibus
989 2261 1152 2345 notandis,
1177 2260 1241 2325 nisi
1259 2259 1325 2324 iam
1344 2258 1467 2325 factum

188 2366 313 2451 aliquid
337 2371 388 2431 est
409 2389 468 2451 per
485 2366 649 2451 Flaccum,
671 2366 729 2430 fiet
752 2389 772 2431 a
794 2389 855 2452 me,
878 2388 951 2432 cnm
975 2390 1032 2452 per
1049 2367 1165 2433 Asiam
1183 2367 1344 2432 decedam.
1380 2389 1467 2435 nuuc
1485 2385 1502 2432 4

188 2473 229 2537 ad
253 2474 390 2538 alteram
410 2472 583 2558 epistolam
602 2473 704 2538 venio.
742 2474 829 2559 quod
847 2474 888 2539 ad
907 2497 957 2538 me
977 2475 1069 2558 quasi
1088 2473 1228 2538 formam
1247 2473 1467 2539 communium

152 2584 373 2663 utcmporum
397 2585 431 2644 et
453 2580 556 2645 totius
580 2580 627 2645 rei
650 2558 799 2665 publicae
822 2580 943 2646 misisti
967 2603 1161 2665 expressam,
1186 2580 1358 2665 prudentia
1380 2581 1465 2646 litte·

186 2708 299 2751 rarum
332 2690 462 2750 tuarum
495 2686 588 2751 valde
625 2686 706 2752 mihi
738 2690 789 2751 est
820 2691 916 2773 grata
946 2724 983 2734 —
1014 2688 1107 2753 video
1140 2686 1226 2751 enim
1258 2690 1292 2752 et
1322 2687 1467 2771 pericula

186 2793 323 2878 leviora,
347 2815 444 2877 quam
469 2793 638 2878 timebam,
662 2798 695 2859 et
718 2793 844 2859 maiora
866 2794 1040 2879 praesidia,
1064 2795 1091 2859 si
1115 2793 1259 2879 quidem,
1282 2798 1319 2859 ut
1342 2795 1466 2880 scribis,

186 2922 301 2966 omnes
325 2900 409 2964 vires
433 2900 576 2966 civitatis
600 2922 635 2965 se
658 2901 699 2966 ad
721 2900 855 2985 Pompei
879 2902 1011 2966 ductum
1034 2901 1280 2986 adplicaverunt
1301 2939 1337 2947 —
1360 2906 1465 2966 tuum-

186 3030 250 3092 que
276 3007 372 3072 simul
396 3011 585 3092 promptum
608 3008 752 3073 animum
776 3013 809 3074 et
833 3008 973 3074 alacrem
995 3009 1146 3093 perspexi
1170 3008 1210 3073 ad
1233 3007 1464 3073 defendendam

139 3131 172 3172 2⁶
185 3137 255 3180 rem
280 3114 457 3199 publicam,
480 3113 715 3199 mirificamque
740 3115 810 3199 cepi
834 3115 1037 3200 voluptatem
1059 3137 1099 3179 ex
1120 3115 1182 3181 hac
1205 3119 1263 3179 tua
1285 3115 1465 3200 diligentia,

185 3220 274 3306 quod
292 3220 324 3284 in
346 3220 481 3284 summis
500 3221 565 3287 tuis
585 3222 853 3306 occupationibus
873 3222 953 3286 mibi
979 3226 1089 3286 tamen
1107 3221 1153 3285 rei
1172 3221 1322 3304 publicae
1341 3226 1463 3288 statum

277 3489 300 3538 2.
321 3485 434 3554 uerum!
455 3486 500 3538 est
518 3485 546 3539 R
564 3487 574 3554 11
592 3489 655 3538 aa.
677 3485 731 3539 etsi
750 3485 824 3540 sulla
842 3485 933 3541 uoluit
952 3487 998 3552 M,
1018 3488 1046 3539 et
1065 3484 1104 3539 sio
1124 3485 1190 3539 silla
1208 3485 1300 3539 uoluit
1317 3486 1357 3551 R,
1377 3487 1406 3538 et
1424 3486 1464 3539 sic

185 3554 210 3610 si
228 3555 282 3609 illa
299 3555 440 3625 proprium
456 3572 558 3609 noman
573 3555 628 3609 fuit
641 3556 692 3609 illa
705 3557 797 3611 uoluit
811 3559 845 3612 G.
864 3564 936 3613 totus
954 3558 1029 3612 locres
1047 3574 1107 3611 cam
1126 3559 1160 3611 ab
1179 3558 1244 3611 aliis
1258 3557 1339 3610 aliter
1357 3558 1464 3623 relictus

184 3630 235 3695 sit,
258 3628 380 3697 equidem
402 3628 445 3682 nil
466 3630 523 3682 alsi
545 3643 642 3681 verum
661 3646 685 3683 v.
704 3635 862 3698 correptam
884 3645 937 3683 esse
955 3634 1026 3698 pato
1048 3629 1092 3697 (cf.
1112 3645 1178 3682 ann.
1194 3629 1264 3697 phil.
1281 3632 1347 3680 1891
1363 3645 1393 3695 p.
1410 3631 1462 3695 72).

185 3699 235 3754 boc
257 3698 340 3752 dicit:
365 3698 398 3752 de
421 3701 559 3753 maiestate
584 3699 656 3768 qaod
674 3705 699 3754 te
717 3700 863 3754 Dolabella
881 3701 1046 3769 postulauit,
1069 3701 1133 3764 fecit
1152 3700 1291 3768 pravitate
1314 3698 1464 3753 adductus:

185 3787 247 3823 eam
265 3771 337 3823 enim
355 3785 412 3824 aon
434 3772 573 3840 ipnoraret
595 3772 657 3837 ipsa
680 3771 734 3841 lepe
753 3769 880 3825 Gamla
904 3777 1015 3825 matum
1033 3786 1086 3825 esse
1109 3787 1142 3824 ue
1164 3772 1224 3839 qais
1247 3775 1340 3823 temere
1358 3785 1391 3823 ea
1410 3771 1464 3840 lepe

186 3841 355 3906 macer,
383 3846 473 3895 taurea
496 3840 568 3894 illud
591 3842 708 3895 naam
732 3844 833 3895 crimen
857 3843 950 3911 clepit,
976 3848 1067 3910 utpote
1095 3842 1166 3910 quod
1188 3843 1219 3894 ia
1243 3856 1337 3910 perere
1361 3858 1464 3908 parum

186 3913 298 3979 definito
323 3917 475 3965 versaretur
497 3927 577 3979 eoque
603 3911 760 3976 sancitatem
783 3913 891 3981 quidvis
917 3913 1038 3983 {inpendi
1065 3911 1333 3980 comminiseeudr'que
1355 3912 1464 3966 liaberet

186 3984 232 4049 (cs.
251 3982 326 4036 Retu
346 3981 566 4037 ‘Oriminalreclit
584 3982 610 4036 d.
630 3981 741 4037 Romer’
758 3986 922 4052 1151031).
950 3991 975 4037 et
992 3986 1150 4048 sceleratae,
1169 3984 1276 4051 opinor,
1294 3983 1464 4048 satisfaciet

187 4061 211 4108 et
228 4071 247 4108 a
265 4070 294 4107 re
311 4055 493 4123 prammaticc
511 4059 600 4108 tatum
617 4055 669 4106 erit
687 4054 731 4122 (cf.
747 4054 864 4124 Rasipie'
881 4056 961 4109 select.
980 4061 1050 4123 spat.
1066 4055 1129 4108 Lat.
1146 4072 1175 4122 p.
1191 4060 1254 4121 seq.
1274 4053 1314 4106 ed.
1329 4052 1463 4121 Sctmalr)

183 4142 235 4193 pro
253 4140 351 4177 verum
366 4126 487 4193 positam
506 4122 714 4178 veteratorium.
735 4124 857 4195 [vafrum
872 4127 995 4195 praefert
1011 4125 1041 4179 0.
1057 4124 1228 4194 Hirschfeld]
1243 4127 1288 4193 113.
1309 4123 1340 4176 in
1353 4124 1391 4177 M
1392 4131 1404 4158 ⁰
1422 4126 1463 4179 ⁴cel

188 4196 235 4249 Μ’
253 4213 287 4250 ea
306 4194 330 4248 is
353 4197 362 4263 11
385 4201 409 4248 ὅ.
429 4212 480 4249 nec
498 4211 533 4248 ne
552 4195 592 4263 R,
617 4211 667 4248 uec
686 4212 730 4249 me
751 4197 784 4263 G,
803 4213 855 4251 nec
873 4200 940 4266 (aare
958 4198 997 4264 ct)
1016 4212 1072 4249 uon
1090 4197 1130 4249 M.
1160 4197 1312 4264 scripserim
1330 4196 1377 4263 (cs.
1396 4212 1461 4249 aare.

184 4267 251 4335 ptil.
279 4268 295 4321 l.
316 4269 363 4335 c.):
396 4265 464 4334 quid
495 4265 586 4320 euim?
619 4267 696 4320 facta
725 4283 811 4321 necne
841 4268 918 4321 faeta
946 4266 963 4320 l.
990 4266 1007 4320 i.
1036 4268 1146 4335 potest?
1175 4284 1230 4335 qaa
1262 4268 1292 4319 ia
1322 4267 1462 4321 verboram

187 4338 400 4404 confomatione
428 4338 470 4394 uel
500 4340 673 4393 consumetur
707 4337 745 4392 sit
776 4341 865 4394 careri
895 4345 991 4407 potest.
1024 4337 1072 4405 qui
1109 4335 1259 4406 (quomodo
1293 4337 1462 4407 Wesenberp)

188 4407 260 4462 enim
287 4408 365 4462 facta
393 4411 422 4462 et
444 4410 496 4473 (uel
515 4411 575 4477 aut)
601 4426 657 4462 non
686 4409 763 4463 facta
778 4453 871 4464 .....
883 4417 895 4463 l
920 4411 973 4463 alii
996 4408 1075 4480 [quid
1095 4408 1186 4463 enirn?
1208 4408 1320 4462 factane
1345 4425 1381 4461 au
1406 4425 1461 4462 non

188 4479 262 4533 lacta
277 4523 282 4532 .
299 4523 304 4533 .
322 4522 327 4532 .
344 4486 373 4533 ,ἲ
392 4480 427 4535 Α.
442 4480 554 4550 Nauck]
577 4482 587 4548 11
610 4485 633 4533 9.
653 4479 694 4533 rei
719 4480 830 4549 publice
850 4482 887 4534 Μ
905 4483 914 4549 11
938 4486 978 4533 ll.
999 4497 1032 4533 eo
1052 4481 1119 4547 GR,
1142 4497 1189 4534 eos
1208 4480 1246 4533 M
1264 4482 1274 4547 11
1297 4480 1378 4532 tanta
1397 4480 1461 4544 GR,

188 4553 283 4603 tuente
302 4551 340 4604 M
356 4551 368 4619 11
390 4549 503 4604 honoris
523 4551 593 4618 GR,
612 4551 704 4604 oneris
723 4552 760 4605 M
779 4555 788 4620 11
812 4557 851 4606 14.
871 4552 984 4622 laudas]
1003 4550 1103 4604 laudat
1120 4553 1146 4604 a
1168 4554 1177 4619 1
1200 4551 1297 4620 quom]
1316 4567 1401 4617 quam
1419 4552 1461 4619 M,

188 4637 247 4674 oum
268 4622 323 4677 GR
342 4622 413 4690 (M¹)
426 4624 436 4690 1
451 4627 491 4676 15.
511 4621 648 4675 seclorum
667 4623 704 4676 M
718 4625 727 4690 11
746 4628 787 4677 19.
807 4623 920 4677 ueniam
939 4624 966 4679 R
980 4626 989 4692 11
1003 4621 1083 4703 quasi
1101 4640 1151 4677 om.
1172 4622 1198 4677 G
1216 4624 1225 4690 11
1244 4626 1285 4676 20.
1305 4623 1462 4690 temporum

189 4691 253 4759 GR,
273 4693 384 4761 tempus
403 4709 498 4746 eorum
517 4694 551 4746 M
573 4695 582 4760 11
605 4698 646 4746 21.
667 4696 696 4747 et
713 4711 764 4749 om.
785 4697 810 4749 G
833 4698 842 4764 1
865 4701 907 4748 22.
926 4692 1080 4763 praesrdia,
1105 4693 1212 4764 <quam
1234 4694 1411 4818 sperabam?
1436 4693 1461 4746 si

188 4762 339 4818 Mmbiuus
361 4767 371 4833 11
393 4768 436 4818 23.
455 4763 542 4835 vires]
561 4763 636 4818 uiros
655 4764 701 4818 Μι
720 4782 754 4819 ex
772 4765 859 4835 uires,
882 4774 913 4821 ut
931 4767 996 4846 vid,
1018 4763 1072 4818 uiri
1092 4765 1147 4821 GR
1167 4768 1177 4834 1
1199 4764 1228 4817 in
1247 4771 1310 4820 acte
1335 4763 1391 4818 ciui
1405 4763 1460 4818 atis

187 4848 244 4904 esp.
262 4833 384 4905 R¹l2⁵·
403 4833 605 4904 mirificamque
623 4836 664 4906 M,
684 4833 775 4901 Quam
794 4838 849 4895 GR
867 4840 877 4907 11
894 4842 936 4892 26.
955 4853 996 4892 rer
1011 4838 1016 4906 1
1030 4835 1072 4890 rei
1089 4837 1127 4891 M
