3314 5460
170 346 237 414 448
436 348 467 404 0.
482 348 513 405 Ε.
528 348 713 404 SCHMlDTIl
734 348 906 404 EPISTVLA
926 350 975 404 AD
994 348 1190 405 EDITOREM.

170 514 309 579 sissimis
333 515 398 579 filis
421 513 579 598 nodisque
603 513 839 597 multiplicibus
864 513 1079 597 compositam
1101 518 1241 579 tractare
1260 518 1362 597 atque
1383 535 1455 598 per·

170 621 294 706 spicere
319 622 486 686 discerem.
527 618 597 695 Quo
622 620 734 685 labore
757 642 857 703 paene
879 619 1069 703 perfunctus
1088 621 1160 705 tibi,
1183 621 1232 684 vir
1250 620 1457 702 doctissime,

170 727 317 792 tabulam
345 727 610 812 chronologicam
638 725 852 809 epistularum
882 727 922 790 ab
950 749 1036 790 anno
1059 727 1100 792 51
1126 749 1153 791 a
1173 725 1248 792 chr.
1276 748 1386 811 usque
1414 727 1459 791 ad

171 832 337 899 Ciceronis
370 834 492 898 exitum
525 834 675 897 datarum
707 837 875 917 tamquam
907 833 1029 897 laboris
1058 832 1122 895 mei
1150 834 1313 917 specimen
1343 833 1458 898 mitto.

170 939 340 1023 Epistulas
364 946 473 1004 autem
498 939 571 1004 illas
600 938 729 1004 circiter
757 940 979 1025 septuaginta,
1012 961 1093 1024 quae
1121 943 1196 1003 ante
1224 962 1299 1005 eum
1328 962 1458 1004 annum

55 1065 60 1074 ·
142 1071 146 1080 ·
171 1047 311 1131 scriptae
335 1050 412 1111 sunt
435 1068 635 1130 quarumque
659 1045 922 1129 disquisitionem
944 1046 985 1110 ad
1007 1045 1106 1109 finem
1132 1047 1276 1110 nondum
1303 1046 1460 1130 perduxi,

170 1152 331 1224 Aemilius
360 1153 505 1217 Koeruer
535 1152 707 1217 familiaris
740 1175 830 1216 meus
863 1156 1012 1217 accurate
1045 1153 1206 1237 disposuit
1237 1153 1460 1237 tabulamque

172 1257 435 1344 chronologicam
445 1282 465 1323 a
476 1282 510 1324 se
526 1259 715 1343 confectam,
731 1282 795 1344 qua
809 1264 860 1324 est
875 1259 1081 1343 liberalitate,
1096 1282 1168 1324 cum
1183 1282 1256 1325 mea
1269 1259 1459 1324 coniunxit.

172 1363 256 1430 Sunt
279 1369 389 1429 autem
412 1365 490 1450 tria,
519 1366 557 1430 de
581 1366 699 1450 quibus
723 1371 769 1451 te,
792 1370 967 1450 antequam
991 1366 1103 1431 tabula
1126 1367 1242 1450 utaris,
1266 1366 1459 1450 praemoni-

172 1476 242 1535 tum
267 1470 371 1536 velim.
413 1471 462 1537 Ac
485 1472 627 1555 primum
651 1471 781 1556 quidem
805 1473 863 1537 abs
887 1476 920 1536 te
943 1471 1098 1557 petimus,
1128 1495 1168 1537 ne
1192 1471 1334 1555 mireris,
1365 1473 1460 1556 quod

172 1601 285 1644 causas
300 1583 398 1663 atque
417 1579 571 1664 rationes,
590 1579 707 1664 quibus
726 1580 866 1663 permoti
886 1579 1032 1664 singulos
1052 1579 1120 1644 dies
1139 1579 1289 1663 epistulis
1308 1578 1459 1664 singulis

172 1684 412 1770 adscripsimus,
434 1707 499 1749 non
522 1685 741 1770 apposuimus.
782 1684 865 1750 Erat
888 1685 975 1749 enim
997 1685 1093 1750 nobis
1120 1706 1311 1770 persuasum
1340 1686 1460 1752 huius·

172 1792 260 1857 modi
284 1791 621 1877 argumentationibus
644 1791 726 1856 nihil
750 1792 879 1876 profici,
901 1791 966 1857 nisi
988 1790 1136 1877 pluribus
1159 1792 1267 1857 verbis
1290 1792 1461 1880 exprime·

171 1903 297 1983 rentur,
329 1920 427 1982 quam
455 1899 570 1963 modus
597 1904 672 1963 tuae
701 1899 836 1964 editioni
868 1920 1038 1964 concessus
1068 1899 1282 1984 permitteret.
1331 1898 1459 1983 Itaque

172 2005 330 2070 Aemilius
350 2004 496 2070 Koerner
519 2004 836 2091 argumentationem
855 2028 948 2070 suam
966 2005 1188 2071 Fleckeisenio
1205 2010 1322 2070 nostro
1343 2004 1460 2070 Anna-

168 2111 255 2177 libus
287 2111 492 2176 inserendam
524 2114 645 2195 tradet,
682 2133 743 2197 ego
777 2117 887 2176 autem
923 2112 1059 2197 librum,
1096 2135 1160 2197 quo
1198 2113 1462 2178 commentarius

166 2218 591 2304 historico-chronologicus
615 2219 717 2284 totius
742 2219 958 2303 epistularum
977 2220 1123 2304 corporis
1143 2219 1339 2303 continetur,
1362 2219 1462 2285 brevi

167 2331 313 2411 tempore
337 2326 483 2391 editurus
507 2348 587 2391 sum.
630 2325 763 2410 Deinde,
789 2326 836 2390 vir
859 2325 1058 2411 doctissime,
1080 2348 1144 2411 quo
1169 2347 1202 2390 es
1225 2325 1365 2408 iudicio,
1388 2348 1461 2390 non

168 2433 374 2519 arrogantiae
407 2437 464 2498 aut
495 2433 623 2498 levitati
651 2433 791 2514 tribues,
823 2432 850 2495 si
879 2432 1041 2497 famosum
1071 2433 1152 2497 illud
1182 2454 1299 2515 corpus
1330 2455 1460 2518 earum,

169 2562 251 2624 quae
272 2540 408 2606 ‘incerto
427 2538 524 2604 anno'
543 2540 584 2604 ab
604 2538 783 2604 editoribus
802 2539 1025 2604 inscribuntur
1044 2539 1257 2625 epistularum
1276 2539 1311 2604 in
1327 2541 1459 2606 nostris

169 2645 290 2711 tabulis
314 2669 380 2712 non
403 2647 573 2712 inveneris.
619 2645 725 2710 Nobis
749 2645 836 2710 enim
863 2649 934 2710 erat
960 2646 1178 2731 propositum,
1206 2650 1243 2710 ut
1271 2646 1307 2710 in
1336 2652 1458 2713 nostro

168 2753 273 2818 indice
305 2751 479 2837 unicuique
513 2753 672 2838 epistulae
704 2753 795 2818 locus
828 2752 1042 2838 inveniretur,
1072 2753 1129 2817 ubi
1162 2753 1190 2816 si
1220 2753 1344 2849 minus·
1365 2758 1458 2820 certe

168 2860 278 2944 stetit,
311 2864 421 2925 tamen
449 2864 536 2924 stare
567 2859 684 2944 potuit.
730 2859 837 2945 Magis
870 2861 956 2925 enim
989 2861 1145 2924 interesse
1178 2859 1365 2924 censuimus
1398 2883 1457 2927 eas

169 2965 335 3050 epistulas,
355 2988 436 3050 quae
455 2988 570 3050 parum
591 2989 688 3031 ansae
706 2967 821 3031 darent
840 2967 880 3031 ad
899 2971 1029 3051 tempus
1048 2966 1275 3050 definiendum,
1294 2966 1455 3052 ambiguo

169 3071 286 3137 saltem
313 3073 385 3137 loco
413 3095 512 3157 quam
544 3073 675 3138 omnino
704 3073 794 3138 nullo
823 3073 931 3138 inseri.
978 3072 1131 3139 Ceterum
1159 3095 1213 3137 eas
1241 3074 1391 3138 locorum
1420 3079 1454 3138 et

33 3223 46 3249 ι
170 3183 354 3263 temporum
378 3179 650 3265 significationes,
673 3202 754 3264 quas
778 3180 902 3245 incerta
926 3181 1064 3264 quadam
1089 3179 1272 3263 suspicione
1296 3181 1453 3266 augurati

169 3285 276 3371 magis
292 3308 390 3370 quam
404 3286 591 3351 ratiocinati
606 3309 727 3369 sumus,
746 3287 969 3371 interrogandi
983 3286 1079 3372 siguo
1093 3286 1287 3351 notavimus.
1320 3284 1453 3352 Postre

169 3415 258 3457 mum
282 3393 341 3457 abs
365 3397 398 3457 te
421 3393 549 3458 veniam
578 3394 734 3479 petimus,
767 3395 852 3478 quod
881 3394 915 3458 in
937 3392 1036 3457 Tullii
1065 3393 1277 3477 epistularum
1306 3393 1451 3459 editione

169 3521 236 3564 non
269 3499 418 3565 Romano
456 3500 512 3564 sed
544 3500 685 3564 nostrati
718 3500 768 3565 usi
803 3521 915 3565 sumus
949 3496 1149 3564 Calendario.
1205 3498 1356 3565 Fecimus
1389 3500 1453 3566 hoc

170 3606 373 3691 temporibus
398 3607 561 3691 cedentes,
593 3595 675 3691 quae
699 3606 797 3673 etiam
825 3607 861 3671 in
883 3605 1003 3671 litteris
1032 3610 1161 3671 tautum
1189 3606 1312 3690 valent,
1345 3611 1384 3670 ut
1411 3629 1451 3672 ne

169 3713 483 3796 φιλολογικωτάτοις
507 3699 637 3798 quidem
659 3718 792 3808 nostrae
817 3713 935 3778 aetatis
954 3712 1139 3777 Romanum
1162 3711 1384 3777 calendarium
1404 3713 1453 3778 ita

169 3821 204 3883 in
227 3841 324 3885 succo
347 3824 381 3884 et
404 3821 562 3905 sanguine
586 3842 656 3885 esse
681 3820 798 3903 soleat,
826 3824 863 3883 ut
886 3820 954 3884 dies
978 3819 1143 3884 Romanos
1172 3819 1356 3903 adscriptos
1381 3820 1451 3886 sine

170 3927 418 3992 ratiocinatione
432 3931 519 3992 recte
532 3928 652 3992 sentire
663 3926 797 4011 possint
818 3925 913 3991 Vale!
932 3924 1060 3991 Dabam
1069 3925 1195 3991 Dresda
1204 3927 1256 3991 31.
1268 3926 1341 3991 Oct.
1355 3929 1451 3994 1890.
