3286 5460
634 372 891 431 EPISTVLARVM
909 370 968 432 XV.
987 382 1013 431 2.
1395 374 1461 442 403

185 538 317 625 scirent,
339 538 492 605 audacter
514 540 554 604 ad
578 563 613 605 se
636 540 806 626 detulisss;
835 540 868 605 in
893 541 939 606 eis
963 540 1224 606 amantissimum
1247 541 1312 627 sui,
1334 564 1461 609 summa

185 647 308 730 pietate
332 646 516 731 praeditum
539 647 674 712 fratrem
698 647 802 713 dicere
822 685 864 695 —
884 670 923 712 ea
943 670 1025 732 quae
1044 647 1072 712 is
1092 669 1143 713 me
1163 670 1291 733 quoque
1310 647 1461 714 audiente

186 753 315 818 dicebat
332 776 389 817 —:
417 775 451 818 se
475 754 687 819 sollicitatum
717 777 800 839 esse,
831 759 868 819 ut
895 775 1032 840 regnare
1060 755 1172 840 vellet;
1199 755 1232 820 id
1259 755 1333 820 viro
1361 755 1462 821 fratre

186 881 245 925 suo
269 861 414 945 accipere
438 883 502 925 non
532 862 692 946 potuisse,
725 883 760 926 se
788 865 899 926 tamen
926 866 1001 926 ante
1028 862 1108 927 illud
1136 866 1264 946 tempus
1293 885 1365 928 eam
1392 885 1461 928 rem

151 998 172 1036 ε,
186 988 363 1050 numquam
387 967 419 1031 in
444 968 586 1032 medium
608 973 742 1053 propter
765 968 902 1052 periculi
921 971 1044 1034 metum
1056 970 1247 1054 protulisse.
1287 991 1369 1053 quae
1388 991 1462 1034 oum

187 1077 272 1137 esset
296 1073 434 1158 locutus,
457 1075 568 1139 monui
591 1095 710 1160 regem,
734 1078 770 1140 ut
790 1097 918 1140 omnem
937 1075 1141 1163 diligentiam
1159 1077 1199 1140 ad
1218 1098 1254 1140 se
1272 1098 1463 1142 conservan-

187 1178 263 1243 dum
282 1179 460 1265 adhiberet,
479 1182 665 1265 amicosque
685 1180 748 1266 [in]
767 1183 870 1267 patris
890 1183 959 1247 eius
979 1187 1076 1267 atque
1096 1182 1148 1247 avi
1167 1182 1286 1248 iudicio
1305 1183 1461 1268 probatos

186 1286 339 1352 hortatus
363 1309 448 1370 sum,
481 1287 567 1373 regis
596 1290 647 1353 sui
676 1290 777 1353 vitam
804 1288 893 1354 docti
920 1311 996 1354 casu
1024 1289 1233 1355 acerbissimo
1261 1289 1364 1375 patris
1392 1289 1461 1355 eius

187 1393 275 1458 omni
295 1415 372 1458 cura
391 1396 601 1480 custodiaque
621 1395 837 1461 defenderent.
873 1418 947 1461 cum
967 1418 1022 1460 rex
1041 1419 1060 1460 a
1079 1419 1130 1461 me
1149 1395 1331 1480 equitatum
1350 1397 1461 1462 cohor·
1481 1423 1496 1471 '1

138 1500 295 1584 rotisque
319 1501 357 1565 de
382 1501 523 1566 exercitu
548 1524 619 1568 meo
642 1503 834 1587 postularet,
857 1502 920 1566 etsi
943 1503 1174 1589 intellegebam
1197 1507 1306 1568 vestro
1330 1507 1462 1569 senatus

187 1608 338 1672 consulto
361 1631 427 1672 non
451 1610 547 1674 modo
570 1631 666 1694 posse
695 1631 745 1674 me
769 1607 802 1672 id
826 1609 944 1694 facere,
975 1610 1030 1674 sed
1059 1609 1158 1675 etiam
1186 1611 1316 1694 debere,
1343 1615 1463 1694 tamen,

187 1735 260 1779 cum
285 1735 336 1777 res
360 1737 390 1798 p.
414 1716 596 1798 postularet
617 1721 752 1801 propter
772 1715 953 1787 cotidianos
972 1737 1011 1780 ex
1030 1713 1125 1800 Syria
1143 1717 1285 1801 nuntios,
1307 1721 1462 1801 utquam

186 1820 329 1905 primum
356 1821 533 1887 exercitum
561 1821 603 1885 ad
626 1821 759 1888 Ciliciae
786 1822 867 1887 fines
895 1822 1101 1908 adducerem,
1133 1845 1269 1908 cumque
1298 1822 1378 1887 mihi
1406 1845 1463 1887 rex

186 1926 360 2010 patefactis
393 1928 459 1991 iam
490 1928 616 1993 insidiis
649 1950 714 1993 non
746 1949 840 2014 egere
873 1928 1016 1993 exercitu
1043 1951 1074 2013 p.
1101 1928 1153 2013 R,
1185 1929 1240 1994 sed
1270 1951 1365 2013 posse
1394 1929 1462 1993 suis

138 2070 170 2109 1⁵
185 2033 303 2117 opibus
328 2034 497 2098 defendere
521 2035 699 2119 videretur,
728 2034 821 2098 illum
849 2034 1039 2099 cohortatus
1063 2056 1149 2119 sum,
1182 2039 1219 2100 ut
1245 2033 1280 2098 in
1307 2057 1367 2099 sua
1394 2035 1464 2100 vita

184 2141 406 2205 conservanda
439 2140 581 2224 primum
610 2162 746 2226 regnare
774 2139 926 2205 disceret:
959 2161 978 2204 a
1005 2140 1124 2225 quibus
1151 2140 1372 2226 perspexisset
1399 2142 1463 2207 sibi

182 2246 319 2312 insidias
352 2250 497 2331 paratas,
529 2247 564 2311 in
592 2269 647 2312 eos
674 2250 822 2312 uteretur
849 2247 918 2312 iure
946 2246 1051 2332 regi03
1082 2268 1188 2333 poena
1216 2248 1370 2331 adficeret
1397 2270 1463 2334 eos,

184 2374 266 2437 quos
289 2375 420 2418 neeesse
444 2359 539 2437 esset,
562 2355 705 2439 reliquos
729 2358 819 2418 metu
841 2353 1009 2439 liberaret,
1033 2354 1194 2439 praesidio
1218 2356 1380 2422 exercitus
1399 2355 1463 2421 mei

185 2461 225 2524 ad
248 2482 370 2544 eorum,
395 2461 450 2545 qui
473 2461 508 2524 in
531 2461 628 2546 culpa
651 2464 768 2544 essent,
791 2461 944 2525 timorem
967 2461 1076 2545 potius
1101 2482 1199 2544 quam
1223 2461 1263 2525 ad
1284 2462 1465 2527 contentio·

141 2606 171 2643 -20
184 2589 259 2632 nem
288 2572 448 2652 uteretur3
478 2566 549 2632 fore
578 2572 701 2653 autem,
733 2570 771 2632 ut
798 2590 924 2652 omnes,
957 2568 1111 2652 quoniam
1144 2569 1464 2634 senatusconsultum

185 2678 333 2757 nossent,
357 2672 585 2759 intellegerent
609 2697 660 2738 me
684 2674 767 2759 regi,
791 2673 820 2739 si
844 2696 926 2758 opus
950 2677 1050 2759 esset,
1074 2696 1113 2738 ex
1136 2675 1332 2740 auctoritate
1354 2680 1465 2740 restra

185 2779 347 2864 praesidio
370 2781 527 2845 futurum.
568 2782 616 2846 ita
639 2781 830 2846 confirmato
855 2780 913 2845 illo
937 2802 976 2846 ex
999 2803 1038 2845 eo
1056 2780 1129 2846 loco
1148 2785 1256 2846 castra
1279 2782 1379 2866 movi,
1401 2782 1500 2858 iterg

186 2887 220 2949 in
244 2885 393 2952 Ciliciam
417 2887 521 2952 facere
549 2887 693 2973 institui,
723 2909 798 2952 cum
825 2888 887 2952 hac
915 2887 1106 2971 opiniones
1130 2883 1337 2973 Cappadocia
1362 2887 1464 2954 disce·

187 2992 309 3078 derem,
331 2997 369 3058 ut
391 2994 528 3059 consilio
552 2999 673 3079 vestro,
703 3016 780 3060 casu
803 2993 986 3059 incredibili
1010 3016 1047 3059 ac
1074 3016 1177 3079 paene
1206 2995 1315 3060 divino
1345 3016 1464 3081 regem,

144 3138 171 3177 25
186 3122 283 3184 quem
307 3121 363 3165 vos
386 3101 715 3167 honorificentissime
738 3100 964 3185 appellassetis
987 3100 1077 3165 nullo
1096 3100 1284 3185 postulante
1304 3123 1464 3188 quemque

186 3229 275 3272 meae
307 3208 383 3273 fidei
416 3210 704 3274 commendassetis
730 3214 765 3273 et
793 3208 884 3274 cuius
913 3207 1052 3273 salutem
1080 3228 1217 3293 magnae
1244 3207 1340 3273 robis
1369 3231 1465 3275 curae

186 3335 255 3378 esse
279 3314 480 3398 decressetis,
504 3338 595 3380 meus
620 3318 776 3381 adventus
800 3314 1025 3400 praesentibus
1044 3314 1172 3379 insidiis
1192 3315 1354 3380 liberarit:
1378 3317 1466 3400 quod

186 3421 308 3487 advos
332 3445 351 3486 a
374 3444 424 3486 me
449 3422 548 3487 scribi
571 3444 637 3487 non
661 3422 802 3487 alienum
825 3422 952 3507 putavi,
983 3421 1064 3505 (ut)
1087 3421 1323 3507 intellegeretis
1347 3444 1386 3486 ex
1409 3423 1467 3507 eis,

187 3550 268 3613 quae
291 3551 393 3613 paens
417 3529 612 3613 acciderunt,
635 3551 693 3594 vos
713 3528 817 3593 multo
836 3531 921 3612 ante,
943 3549 985 3592 ne
1004 3549 1043 3592 ea
1061 3527 1252 3611 acciderent,
1276 3527 1466 3612 providisse,

145 3672 173 3711 ,0
187 3656 290 3718 eoque
318 3656 376 3699 vos
404 3636 582 3701 studiosius
609 3635 673 3701 feci
706 3635 874 3718 certiores,
906 3633 995 3718 quod
1021 3633 1056 3698 in
1082 3656 1158 3720 rege
1181 3632 1400 3699 Ariobarzane
1429 3655 1466 3698 ea

187 3740 268 3806 mihi
292 3741 388 3827 signa
410 3742 522 3807 videor
544 3743 693 3825 virtutis,
715 3741 853 3826 ingenii,
874 3740 950 3805 fidei
974 3739 1283 3824 benevolentiaeque
1306 3760 1386 3827 erga
1407 3761 1466 3805 ros

170 4011 176 4021 .
278 3975 301 4023 1.
321 3968 429 4094 eisqniis
448 3970 524 4038 MD,
549 3970 594 4024 his
614 3970 677 4025 ΕΠ
696 3972 706 4040 ΙΙ
728 3975 753 4026 2.
773 3969 797 4023 is
816 3984 861 4022 me
880 3982 991 4036 quoque
1010 3983 1039 4035 ς,
1058 3965 1083 4020 is
1102 3982 1213 4035 quoque
1232 3983 1277 4021 me
1297 3967 1401 4035 FHD,
1420 3984 1465 4023 me

187 4039 211 4094 is
230 4056 341 4109 quoquc
400 4084 406 4106 ,
429 4058 473 4094 me
493 4058 603 4111 quoque
622 4043 647 4095 is
667 4043 827 4111 Weserrberp
853 4043 863 4109 ll
891 4038 1210 4108 semiperempta,
1239 4038 1366 4092 accidere
1389 4039 1469 4111 ΨΡΗ

188 4118 212 4165 6.
233 4117 256 4165 7.
277 4112 498 4165 conseruandam
513 4114 550 4180 F,
569 4121 594 4168 et
609 4113 643 4166 H
659 4131 726 4167 corr.
747 4113 838 4181 (dum
857 4111 890 4164 Η
895 4113 925 4179 ²⁵),
944 4109 1167 4164 conuersandam
1182 4109 1225 4162 Η1
1239 4112 1248 4177 ΙΙ
1263 4114 1287 4164 7,
1306 4109 1468 4178 amicosque

187 4182 217 4235 in
232 4182 322 4251 patris
337 4183 397 4236 eius
412 4187 497 4252 atque
512 4185 559 4238 aui
576 4184 680 4238 iudicio
695 4185 830 4253 probatos
845 4181 944 4250 FHD,
964 4181 1070 4234 amicos
1084 4183 1157 4261 qudo
1171 4183 1243 4250 (exp.
1258 4181 1295 4235 M
1297 4183 1319 4304 [Β
1332 4180 1365 4234 In
1378 4181 1468 4250 patris

187 4253 248 4307 eius
267 4257 352 4322 atqua
371 4257 455 4322 (inter
472 4258 538 4311 leaeo
556 4259 610 4310 duo
628 4274 652 4311 v.
671 4273 731 4324 sup.
750 4273 800 4309 scr.
816 4254 853 4307 Μ
856 4260 867 4287 ¹
883 4252 947 4319 fide,
967 4269 1016 4307 orn.
1032 4253 1072 4321 P)
1091 4250 1196 4305 iudicio
1215 4252 1347 4321 proban}
1368 4253 1410 4306 M.
1438 4251 1469 4306 in

188 4342 238 4380 cm.
258 4327 319 4392 alii,
338 4328 369 4378 in
385 4325 444 4379 iam
463 4344 531 4382 corr.
551 4328 603 4381 alii
616 4330 626 4394 ΙΙ
640 4332 664 4382 8.
684 4327 846 4380 cohortatus
866 4341 936 4391 sum,
955 4322 1029 4396 (ut)
1048 4321 1122 4392 rogis
1142 4323 1303 4403 Wesenberg
1316 4325 1326 4391 ΙΙ
1340 4322 1418 4378 docti
1435 4341 1469 4379 ex

188 4395 281 4450 edocti
299 4398 421 4452 radendo
440 4399 470 4450 ll
493 4400 502 4466 ΙΙ
525 4415 592 4451 casu
612 4397 773 4452 cerbissimo
791 4394 867 4466 patri
886 4395 921 4448 M
942 4396 951 4463 11
976 4401 1016 4449 11.
1036 4392 1176 4464 consulto]
1196 4392 1313 4448 consiho
1337 4394 1396 4448 an
1411 4396 1421 4463 ΙΙ
1438 4393 1470 4447 id

187 4483 232 4521 me
252 4468 284 4520 H
309 4471 318 4536 ΙΙ
346 4473 388 4522 13.
407 4467 477 4521 mihi
500 4486 548 4522 rex
566 4470 644 4538 MD,
671 4485 720 4522 rex
743 4467 813 4521 mihi
833 4465 896 4521 ΡΗ
919 4467 930 4534 ΙΙ
958 4470 1000 4520 14.
1017 4480 1100 4535 posse
1120 4463 1193 4536 (se)
1212 4480 1237 4523 ς.
1270 4466 1305 4532 cf.
1324 4466 1469 4520 thasn

183 4557 214 4609 p.
231 4543 311 4608 16sq.
339 4541 349 4608 ΙΙ
376 4540 571 4608 aequoniam
594 4539 780 4609 ²15,quiFll
803 4546 845 4592 21.
865 4537 1011 4590 nouissent
1029 4535 1090 4589 Fu
1112 4537 1122 4605 ΙΙ
1145 4541 1187 4591 23.
1206 4535 1237 4589 in
1255 4534 1378 4590 siciliam
1392 4536 1470 4607 FH„

188 4614 231 4664 23.
250 4615 293 4665 24.
313 4608 450 4665 discerem
465 4612 501 4664 M
511 4614 521 4680 ΙΙ
535 4617 576 4667 24.
595 4628 685 4682 poene
699 4612 742 4677 M,
760 4625 853 4679 paena
868 4607 903 4676 F,
921 4623 995 4677 pena
1009 4607 1063 4676 Hl
1077 4612 1119 4660 2⁶.
1139 4622 1277 4676 quemque
1296 4607 1369 4674 MD,
1386 4624 1470 4677 quern

188 4685 218 4735 et
227 4680 288 4735 Fu
300 4683 367 4750 1126.
382 4681 485 4754 εειΙιιῐε·Ι
501 4683 539 4737 M
549 4684 558 4752 ll
572 4688 615 4739 27.
630 4681 796 4737 decressetis
814 4680 857 4748 M,
872 4676 1068 4733 decreuissetis
1078 4677 1171 4731 FHD
1183 4680 1193 4747 ΙΙ
1206 4676 1336 4732 liberarit
1344 4679 1469 4747 Ernesti,

187 4751 323 4806 liberaret
344 4754 409 4810 ΨΒ.
437 4753 587 4809 liberasset
605 4771 621 4812 ς
645 4760 671 4810 et
690 4753 887 4878 chsesbqull
913 4755 955 4805 28.
980 4750 1012 4802 ut
1034 4767 1085 4804 om,
1108 4749 1167 4803 ΨΓ
1187 4751 1197 4818 ΙΙ
1219 4748 1272 4820 eis]
1296 4748 1332 4802 iis
1351 4750 1397 4820 M,
1425 4749 1469 4806 his

189 4823 281 4881 ΓΗΒ
294 4828 304 4895 [Ι
317 4828 360 4878 30.
380 4825 506 4880 certioris
525 4826 562 4881 M
572 4829 581 4896 ΙΙ
595 4831 638 4881 31.
657 4823 790 4879 uidentur
883 4822 893 4891 ΙΙ
905 4818 1121 4876 beneuolentiae
1139 4837 1214 4889 quae
1233 4822 1267 4875 M

1203 4909 1258 4965 26*
