3286 5460
205 348 266 412 106
653 348 689 401 Μ.
710 347 816 401 TVLLI
835 345 1025 401 CICERONIS

200 536 266 578 non
290 513 385 577 modo
411 516 446 576 ut
469 513 583 575 domus
612 516 670 575 tua
692 514 776 594 tota,
805 511 861 575 sed
884 515 922 575 ut
945 514 1063 575 cuneta
1090 510 1206 576 civitas
1234 531 1285 577 me
1313 510 1378 575 tibi
1401 514 1478 576 ami·

202 619 368 686 cissimum
396 641 465 684 esse
493 622 714 704 cognosceret.
755 615 865 700 itaquo
894 621 928 681 et
955 617 1239 701 praestantissima
1266 617 1415 683 omnium
1437 619 1478 683 le·

202 727 376 809 minarum,
409 747 489 790 iixor
516 728 586 807 tua,
614 728 648 788 et
676 724 793 788 eximia
821 724 957 808 pietate,
989 724 1124 809 virtute,
1156 725 1264 811 gratia
1291 725 1341 790 tui
1370 724 1477 792 Crassi

201 834 281 898 meis
310 831 469 916 consiliis,
502 831 650 916 monitis,
683 831 801 897 studiis
832 831 1080 914 actionibusque
1106 832 1257 897 nituntur
1283 836 1318 898 et
1348 838 1476 898 senatus

201 940 406 1024 populusque
430 938 467 1002 R.
491 937 655 1024 intellegit
678 938 739 1003 tibi
763 939 890 1003 absenti
918 938 1000 1005 nihil
1025 959 1095 1002 esse
1118 942 1187 1001 tam
1209 943 1401 1024 promptum
1424 944 1507 1003 aurs

201 1050 268 1110 tam
301 1049 453 1129 paratum
491 1067 588 1128 quam
621 1045 655 1108 in
687 1043 839 1109 omnibus
876 1044 990 1130 rebus,
1027 1066 1108 1127 quae
1145 1044 1185 1108 ad
1217 1050 1250 1110 te
1286 1046 1490 1157 pertineant,

165 1171 333 1238 soporum
368 1174 494 1236 curam,
527 1151 731 1237 diligentiam
764 1152 994 1217 auctoritatem
1027 1172 1142 1216 meam.
1193 1173 1275 1235 quae
1307 1151 1377 1217 sint
1408 1157 1476 1218 acta

201 1283 346 1344 quaeque
371 1264 525 1345 agantur,
553 1259 805 1324 domesticorum
830 1259 892 1322 tibi
916 1259 1037 1324 litteris
1065 1258 1221 1323 declarari
1243 1263 1339 1343 puto:
1368 1259 1406 1324 de
1429 1282 1475 1323 me

201 1367 248 1431 sie
272 1365 437 1431 existimes
461 1389 500 1432 ao
523 1366 585 1431 tibi
609 1366 802 1450 persuadeas
828 1370 991 1430 vementer
1014 1364 1121 1448 velim,
1145 1387 1212 1430 non
1234 1387 1287 1431 me
1311 1366 1475 1450 repentina

201 1474 311 1557 aliqua
338 1474 508 1538 voluntate
536 1478 594 1538 aut
620 1472 758 1537 fortuito
787 1472 827 1536 ad
856 1478 946 1536 tuam
975 1471 1224 1555 amplitudinem
1251 1471 1333 1536 meis
1363 1472 1474 1537 officiis
1486 1488 1504 1526 1⁰

203 1579 461 1663 amplectendam
484 1580 645 1663 incidisse,
669 1580 738 1663 sed,
762 1583 799 1643 ut
821 1579 962 1664 primurn
986 1578 1093 1643 forum
1116 1578 1293 1664 attigerim,
1316 1585 1474 1664 spectasse

203 1709 339 1770 semper,
362 1691 400 1751 ut
423 1686 485 1750 tibi
507 1709 638 1771 possem
658 1709 755 1770 quam
776 1686 914 1751 maxime
938 1708 1007 1751 esse
1032 1685 1237 1768 coniunctus3
1261 1707 1326 1770 quo
1351 1687 1475 1770 quidem

202 1816 240 1857 ex
269 1797 415 1877 tempore
444 1794 600 1857 memoria
628 1799 722 1858 teneo
750 1816 854 1877 noque
882 1815 989 1858 meam
1016 1791 1078 1856 tibi
1106 1792 1349 1857 observantiam
1376 1815 1475 1878 neque

202 1899 281 1964 milri
314 1904 404 1964 tuam
437 1922 598 1965 summam
630 1900 883 1965 benivolentiam
915 1921 953 1964 ae
984 1899 1218 1964 liberalitatem
1249 1899 1402 1964 defuisse.
1449 1900 1474 1963 si

200 2031 283 2090 quac
311 2007 547 2072 interciderunt
568 2030 634 2072 non
662 2013 731 2072 tarn
758 2029 792 2071 re
822 2029 919 2090 quarn
949 2006 1131 2091 suspicione
1159 2006 1295 2089 violata,
1325 2027 1378 2089 ea,
1405 2028 1474 2070 eum
1497 2010 1555 2058 ιθ

199 2115 322 2179 fuerint
350 2119 383 2177 ct
410 2113 495 2179 falsa
522 2120 556 2178 et
583 2115 707 2199 inania,
739 2114 806 2178 sint
835 2114 947 2178 evulsa
973 2111 1012 2177 ex
1041 2112 1130 2178 omni
1160 2112 1318 2177 memoria
1348 2113 1475 2197 vitaque

197 2226 324 2305 nostra3
352 2221 381 2284 is
410 2221 496 2285 enim
521 2225 556 2284 tu
580 2221 630 2284 vir
654 2243 688 2285 es
712 2224 745 2285 et
769 2243 841 2284 cum
871 2242 922 2284 me
950 2242 1021 2284 esse
1051 2219 1160 2303 cupio,
1187 2224 1238 2303 ut,
1266 2220 1421 2305 quoniam
1444 2220 1476 2284 in

197 2329 308 2391 eadem
340 2327 386 2390 rei
415 2351 445 2411 p.
475 2331 623 2410 tempora
650 2326 837 2410 incidimus,
868 2326 1130 2391 coniunctionem
1158 2325 1401 2411 amicitiamque
1425 2349 1475 2391 no-

161 2451 176 2497 4
198 2438 299 2498 stram
319 2433 448 2516 utrique
467 2436 617 2497 nostrum
636 2432 724 2497 laudi
746 2453 873 2517 sperem
893 2433 972 2497 fore.
1013 2432 1226 2516 quamobrem
1249 2437 1297 2517 tu,
1319 2438 1475 2516 quantum

196 2547 253 2605 tuo
277 2540 396 2605 iudicio
421 2541 629 2605 tribuendum
654 2561 723 2603 esse
746 2539 842 2603 nobis
865 2544 975 2622 putes,
999 2544 1124 2605 statues
1148 2538 1218 2624 ipse
1242 2544 1289 2624 et,
1311 2544 1350 2604 ut
1373 2562 1475 2625 spero,

197 2653 321 2713 statues
345 2670 384 2712 ex
407 2653 521 2712 nostra
544 2647 720 2732 dignitate,
750 2668 810 2732 ego
834 2667 910 2711 vero
933 2645 996 2710 tibi
1019 2647 1177 2731 profiteor
1199 2651 1298 2731 atque
1320 2646 1477 2731 polliceor

196 2753 351 2818 eximium
376 2758 409 2818 et
432 2753 597 2838 singulare
624 2776 733 2817 meum
762 2753 907 2818 studium
930 2753 965 2817 in
988 2754 1077 2818 omni
1105 2774 1222 2838 genere
1247 2752 1362 2838 officii,
1392 2754 1477 2839 quod

197 2861 236 2924 ad
268 2861 475 2925 honestatem
503 2864 536 2926 et
565 2859 704 2945 gloriam
737 2864 828 2925 tuam
861 2864 996 2944 spectet.
1042 2859 1076 2924 in
1105 2883 1187 2944 quo,
1219 2860 1351 2925 etiamsi
1382 2859 1476 2926 multi

197 2989 322 3031 mecum
347 2968 556 3046 contendent,
580 2972 688 3032 tamen
713 2990 786 3032 curn
809 2967 944 3051 reliquis
968 2966 1134 3052 omnibus,
1164 2971 1236 3032 tum
1259 2963 1387 3032 Crassis
1411 2967 1475 3032 tuis

197 3073 358 3137 iudicibus
391 3094 503 3137 onmes
534 3072 629 3138 facile
667 3074 843 3159 superabo;
879 3096 961 3158 quos
994 3073 1125 3156 quidem
1157 3095 1218 3160 ego
1254 3073 1351 3138 ambo
1383 3074 1474 3138 unice

197 3180 313 3263 diligo,
343 3179 432 3262 †sed
461 3180 495 3242 in
518 3178 627 3244 Marco
656 3180 917 3246 benevolentiam
945 3181 1017 3264 pari
1044 3181 1107 3246 hoe
1135 3181 1240 3266 magis
1264 3202 1339 3245 sum
1361 3179 1475 3246 Publio

198 3286 338 3362 deditus,
368 3285 453 3368 qnod
482 3308 546 3369 me,
574 3308 771 3370 quamquam
799 3310 819 3351 a
845 3287 987 3371 pueritia
1014 3309 1073 3351 sua
1101 3308 1241 3371 semper,
1272 3291 1385 3352 tamen
1416 3287 1476 3351 hoc

199 3398 343 3475 ternpore
376 3392 515 3456 maxime
548 3392 633 3457 sicut
665 3393 805 3457 alterum
837 3396 1006 3477 parentem
1039 3397 1073 3457 et
1106 3392 1258 3456 observat
1290 3395 1324 3456 et
1360 3392 1476 3478 diligit.

163 3499 256 3563 ullas
280 3499 408 3563 litteras
438 3498 535 3562 velim
563 3499 729 3564 existimes
757 3499 896 3564 foederis
924 3499 1095 3564 habituras
1123 3520 1194 3564 esse
1217 3498 1298 3582 vim,
1325 3521 1392 3563 non
1414 3499 1478 3584 epi·

198 3606 315 3688 stulac,
343 3628 457 3689 meque
481 3629 532 3686 ea,
561 3628 642 3689 quae
671 3606 732 3669 tibi
756 3605 915 3689 promitto
940 3628 977 3670 ac
1001 3605 1137 3689 recipio,
1167 3604 1383 3670 sanctissume
1406 3628 1474 3671 esse
1545 3604 1559 3639 ³

198 3712 444 3775 observaturum
468 3712 791 3797 diligentissumeque
815 3733 886 3775 esso
909 3712 1086 3776 facturum:
1113 3733 1195 3796 quae
1215 3734 1235 3775 a
1254 3734 1305 3776 me
1324 3717 1477 3797 suscepta

197 3817 340 3882 defensio
369 3822 419 3882 est
441 3823 474 3882 tc
498 3818 632 3883 absente
661 3817 833 3902 dignitatis
856 3821 945 3902 tuae,
972 3818 1006 3881 in
1030 3818 1156 3882 caiam
1185 3839 1246 3903 ego
1273 3840 1341 3883 non
1369 3818 1476 3884 solum

286 4088 309 4136 3.
330 4081 433 4134 eximin
458 4083 525 4146 GR,
549 4080 692 4135 existimia
715 4082 752 4135 M
775 4085 784 4150 ll
812 4086 836 4134 4.
861 4080 986 4134 consiliis
1009 4080 1125 4135 monitis
1149 4099 1198 4135 om.
1218 4081 1245 4134 It
1273 4084 1282 4144 l
1310 4081 1414 4135 studiis
1438 4084 1478 4136 bis

196 4155 328 4220 scriptum
347 4156 377 4206 in
396 4152 605 4222 illiniuntur}
625 4154 659 4219 ef.
680 4155 713 4207 de
731 4155 776 4219 off.
796 4151 816 4219 l,
836 4158 878 4213 34,
899 4158 963 4207 122:
990 4153 1119 4220 ‘quorum
1138 4151 1255 4206 consilio
1275 4155 1362 4220 atque
1381 4156 1478 4207 aucto

197 4224 281 4276 ritate
296 4222 413 4276 nitatur’
431 4225 467 4277 ol.
482 4226 599 4276 utuntur
614 4231 676 4291 post
691 4225 760 4278 alios
776 4224 855 4278 Cobet
870 4224 1012 4290 (distentos.
1027 4222 1101 4276 Vlll.
1117 4230 1194 4277 1880.
1207 4241 1235 4291 p.
1249 4225 1310 4291 185)
1324 4225 1333 4289 q
1348 4229 1372 4276 5.
1383 4223 1426 4277 nil
1436 4225 1460 4274 G

197 4301 221 4348 t.
241 4295 420 4348 uehementer
441 4295 494 4347 GR
518 4299 527 4359 ΙΙ
552 4300 591 4346 14.
613 4302 654 4348 15.
675 4294 774 4362 siqua
794 4297 819 4349 (ι’
843 4299 851 4357 n
875 4300 916 4347 15.
936 4293 1096 4348 inciderunt
1116 4295 1168 4348 olii
1190 4297 1200 4360 ll
1222 4310 1338 4348 cacum
1357 4312 1408 4350 om.
1428 4296 1472 4353 R.

199 4372 238 4419 18.
258 4382 288 4418 re
306 4384 333 4434 p.
356 4367 409 4420 GR
422 4369 431 4433 ΙΙ
445 4372 487 4419 20.
508 4382 567 4419 esse
587 4384 637 4418 ona
653 4366 680 4419 It
694 4371 703 4429 ll
717 4371 759 4419 2⁶2.
780 4364 872 4418 esium
889 4382 941 4432 pro
960 4365 1093 4418 eximium
1108 4366 1142 4417 M
1154 4368 1162 4433 ll
1177 4370 1218 4419 24.
1239 4364 1416 4419 contendunt
1431 4366 1457 4421 G
1470 4362 1479 4429 ll

197 4442 238 4490 25.
259 4454 311 4505 ego
328 4437 367 4503 M,
386 4443 411 4490 et
429 4455 462 4490 er:
481 4454 535 4507 ago
550 4435 600 4504 12¹,
620 4454 670 4491 om.
687 4438 793 4505 01126.
812 4436 841 4489 in
856 4437 950 4489 Marco
970 4435 1196 4489 benevolentiam
1213 4434 1288 4505 pari]
1308 4434 1339 4488 in
1352 4435 1479 4490 Marcum

197 4507 394 4561 benevolentia
416 4506 477 4575 pari
499 4509 597 4565 ‹nelli.
623 4509 686 4562 berre
710 4510 755 4576 (ef.
776 4509 1075 4576 ll'r‘ipelsboeh-Mr'e'llo·
1099 4509 1161 4561 ‘lot
1187 4507 1264 4561 Stil)
1285 4524 1316 4575 p.
1331 4508 1423 4577 385⁸),
1451 4506 1480 4560 in

198 4579 291 4630 Marco
311 4578 506 4631 benevolentia
525 4578 627 4647 impari
646 4580 711 4643 olii,
735 4579 784 4632 scd
804 4578 845 4648 [in
863 4578 1002 4648 Marcum]
1027 4577 1224 4631 benevolentia
1247 4594 1303 4630 non
1325 4579 1403 4645 pari,
1428 4577 1480 4631 hoo

199 4649 315 4709 (enirn)
340 4649 430 4716 magis
456 4651 587 4703 Streiclier·
607 4669 635 4717 p.
656 4657 705 4702 2(ss
730 4653 834 4718 (potnit
856 4651 983 4713 saouus:
1010 4649 1058 4701 sed
1082 4649 1111 4701 in
1136 4649 1255 4719 [Marco]
1280 4647 1480 4703 benevolentia

198 4719 258 4785 pari
278 4720 330 4772 hoe
350 4720 453 4788 magis,
473 4739 556 4788 neque
575 4728 663 4774 turrira
683 4723 755 4774 narde
774 4722 868 4773 Marco
888 4723 990 4774 venerit
1005 4722 1091 4788 putet)
1109 4724 1119 4787 ΙΙ
1140 4726 1182 4773 30.
1203 4717 1381 4775 sanctissime
1402 4720 1481 4791 GRij

199 4806 258 4842 esse
278 4808 327 4843 ona
348 4792 375 4843 lt
389 4797 397 4857 ll
412 4797 456 4843 31:
475 4790 745 4859 diligentissimeque
766 4794 799 4860 (ι’,
820 4790 1088 4859 dignantissimcque
1108 4791 1136 4845 R
