3314 5460
197 334 242 398 40
650 334 687 390 M.
707 334 813 388 TVLLI
833 333 1022 389 CICERONIS

198 499 279 564 mihi
302 498 400 563 velim
424 497 491 563 sint
513 503 587 562 tuae
606 497 746 583 litterae,
769 520 851 582 quae
871 520 922 563 me
941 498 1092 565 erudiant
1110 499 1149 563 de
1168 499 1257 564 omni
1280 521 1315 564 re
1338 500 1479 585 publica,

198 628 238 671 ne
260 606 380 690 hospes
403 605 498 690 plane
522 604 663 671 veniam:
692 605 755 671 hoo
784 605 899 671 melius
928 628 1025 689 quam
1050 609 1087 671 tu
1110 605 1217 672 facere
1239 629 1336 671 nemo
1360 612 1480 692 potest,

165 729 180 777 2
199 711 364 799 Diogenes
387 716 477 796 tuus,
499 711 598 777 homo
621 712 803 797 modestus,
825 735 845 777 a
867 735 918 779 me
942 735 1016 777 cum
1039 711 1176 778 Philone
1200 712 1396 778 Pessinunte
1420 715 1479 778 dis-

200 819 312 884 cessit:
335 818 398 883 iter
416 818 583 883 habebant
600 819 641 884 ad
660 817 896 905 Adiutorigem,
916 841 1113 904 quamquam
1132 821 1241 884 omnia
1259 842 1319 885 nec
1337 821 1482 906 benigna

198 948 258 991 nec
277 926 410 1010 copiosa
428 930 617 1011 cognorant.
654 925 778 1010 urbem,
801 925 923 1009 urbem,
947 925 991 990 mi
1011 925 1105 1010 Rufe,
1128 926 1198 992 cole
1217 931 1251 991 et
1269 926 1304 991 in
1321 926 1392 990 ista
1410 926 1480 992 luce
1503 949 1515 988 s

199 1031 283 1098 vire:
314 1033 419 1098 omnis
448 1033 670 1118 peregrinatio
692 1069 736 1081 —
759 1034 846 1117 quod
874 1054 935 1118 ego
958 1033 1000 1097 ab
1025 1031 1246 1098 adulescentia
1272 1033 1417 1098 iudicari
1442 1072 1479 1081 -

200 1141 338 1207 obseura
361 1145 395 1204 et
418 1140 581 1205 sordidast
604 1140 665 1225 eis,
694 1162 833 1224 quorum
860 1140 1022 1206 industria
1044 1139 1168 1205 Romae
1195 1144 1308 1225 potest
1331 1139 1481 1205 inlustris

200 1269 283 1330 esse3
315 1247 400 1331 quod
424 1270 498 1312 cum
522 1247 622 1330 probe
650 1248 781 1331 aeirem,
808 1248 935 1312 utinam
963 1247 998 1311 in
1025 1247 1187 1312 sententia
1214 1247 1481 1330 permansissem!

200 1377 273 1420 cum
297 1377 362 1418 una
384 1354 524 1418 mercule
548 1353 826 1419 ambulatiuncula
849 1358 946 1438 atque
970 1375 1034 1418 uno
1058 1375 1206 1418 sermone
1228 1357 1342 1418 nostro
1369 1376 1482 1419 omnes

166 1479 181 1525 3
201 1460 327 1525 fructus
351 1460 536 1545 provinciae
559 1483 624 1526 non
648 1459 787 1525 confero.
831 1482 926 1545 spero
949 1483 1000 1525 me
1024 1459 1228 1546 integritatis
1251 1459 1383 1525 laudem
1408 1483 1481 1526 con·
1495 1487 1518 1525 a

202 1571 362 1632 secutum:
387 1589 454 1631 non
476 1571 547 1631 erat
571 1567 676 1632 minor
699 1590 739 1632 ex
762 1568 1006 1652 contemnenda,
1029 1589 1126 1652 quam
1150 1572 1262 1632 estex
1287 1570 1483 1632 conservata

202 1673 377 1758 provincia.
420 1675 527 1758 ‘spem
555 1674 753 1759 triumphi'l'
786 1674 903 1758 inquis.
944 1675 1026 1739 satis
1059 1674 1202 1760 gloriose
1230 1673 1482 1759 triumpharem:

201 1803 268 1846 uon
294 1803 399 1855 essem
427 1781 558 1864 quidem
589 1781 712 1845 tamdiu
741 1782 775 1846 iu
803 1780 962 1846 desiderio
987 1803 1094 1846 rerum
1124 1781 1204 1845 mihi
1228 1779 1481 1846 carissimamm.

202 1889 267 1971 sed,
290 1892 327 1952 ut
350 1909 455 1972 spero,
477 1888 665 1972 propediem
688 1892 720 1952 te
744 1888 873 1952 videbo:
897 1891 932 1951 tu
958 1887 1038 1952 mihi
1057 1888 1188 1952 obviam
1206 1886 1301 1952 mitte
1321 1887 1482 1971 epistulas

202 2000 233 2059 te
257 1994 382 2081 dignas.
1025 2009 1033 2022 ·
1496 2018 1518 2059 ιε

723 2206 814 2271 sur.
852 2206 956 2292 (rao.)

290 2367 333 2431 n.
358 2366 518 2433 crosso
546 2367 634 2432 ine.
659 2366 691 2431 s.
715 2366 753 2432 o.
777 2365 820 2431 u.
844 2364 1005 2431 casuro
1034 2366 1186 2431 annin
1216 2365 1394 2432 ovuvur.

167 2547 180 2593 1
289 2529 391 2593 Raros
414 2532 488 2592 tuas
513 2527 642 2611 quidem
670 2563 706 2573 —
733 2528 872 2592 fortasse
901 2527 988 2591 euim
1015 2547 1082 2590 uon
1110 2526 1317 2609 perferuntur
1341 2566 1400 2612 --,
1428 2527 1483 2592 sed

200 2636 308 2701 suavis
342 2634 466 2719 accipio
499 2633 642 2716 litteras,
675 2633 725 2698 vel
759 2656 838 2718 quas
869 2634 1016 2719 proxime
1050 2655 1252 2717 acceperam,
1284 2655 1384 2717 quam
1411 2656 1484 2718 pru·

201 2743 317 2826 dentis,
336 2764 434 2827 quam
454 2741 549 2805 multi
569 2745 603 2804 et
622 2740 722 2804 officii
742 2748 775 2804 et
793 2740 935 2805 consilii!
969 2739 1032 2804 etsi
1052 2740 1161 2804 omnia
1179 2739 1226 2804 sie
1245 2740 1482 2805 constitueram
1495 2768 1519 2807 a

202 2848 283 2913 mihi
307 2849 441 2933 agenda,
464 2853 501 2912 ut
525 2853 561 2911 tu
585 2847 790 2932 admonebas,
814 2852 924 2912 tamen
943 2846 1177 2912 confirmantur
1199 2850 1314 2911 nostra
1337 2847 1483 2932 consilia,

167 2973 276 3019 acum
300 2956 458 3019 sentimus
481 2954 696 3039 prudentibus
716 2955 918 3038 fideliterque
938 2953 1149 3018 suadentibus
1173 2953 1259 3017 idem
1276 2953 1389 3019 rideri.
1422 2975 1483 3040 ego

202 3059 347 3145 Appium
368 3098 405 3108 —
428 3065 465 3124 ut
488 3082 583 3144 saepe
613 3065 719 3124 tecum
748 3060 875 3124 locutus
906 3082 977 3124 sum
1000 3095 1038 3105 -
1059 3060 1152 3125 valde
1176 3060 1278 3146 diligo
1303 3082 1419 3146 meque
1442 3062 1483 3126 ab

202 3189 240 3231 eo
269 3166 362 3253 diligi
394 3167 506 3231 statim
539 3169 691 3251 coeptum
719 3189 802 3250 esse,
834 3170 872 3231 ut
896 3167 1097 3231 simultatem
1130 3165 1354 3251 deposuimus,
1387 3168 1484 3253 sensi,

292 3436 315 3485 1.
335 3447 378 3483 me
398 3448 448 3485 ora.
463 3432 490 3485 R
504 3434 513 3499 11
527 3431 566 3485 rei
586 3431 716 3501 publicae
735 3449 760 3485 m
773 3433 783 3498 11
798 3437 821 3485 2.
841 3447 927 3498 quam
945 3433 977 3483 tu
993 3431 1086 3496 eam,
1106 3433 1215 3499 quantu
1233 3432 1328 3511 Μ113.
1347 3430 1484 3502 diogenes

202 3502 267 3569 Gm,
287 3519 332 3555 -us
351 3502 413 3557 MR
431 3504 440 3571 11
457 3503 592 3557 molestus
611 3505 638 3559 R
658 3506 666 3572 11
686 3502 848 3572 pessinunte
868 3521 906 3569 ra,
930 3501 1005 3570 pessi
1023 3505 1127 3556 nuncto
1145 3503 1191 3569 Μ,
1216 3518 1294 3571 psssr
1318 3519 1393 3556 nunc
1418 3506 1486 3557 ante

203 3573 265 3628 GR.
294 3575 480 3629 maeoticam
500 3576 691 3643 modulentur
714 3574 986 3643 Manyni-Luprmu
1009 3581 1034 3628 et
1059 3574 1170 3640 Baiter,
1197 3579 1294 3628 cosdra
1320 3590 1388 3642 quos
1415 3581 1487 3630 recte

201 3646 355 3714 disputarit
374 3645 474 3699 Klots*
492 3647 501 3711 1
504 3664 533 3714 p.
548 3645 645 3715 XLIII)
659 3647 668 3713 11
682 3652 706 3698 4.
726 3645 763 3697 ad
781 3643 976 3724 Adiatorigem
999 3645 1023 3697 Τ
1021 3645 1152 3711 aurelius,
1173 3643 1366 3713 adiatoregem
1385 3646 1426 3709 Μ,
1447 3645 1486 3699 ad

202 3714 312 3769 diatum
326 3731 421 3785 regem
437 3717 499 3782 GR,
520 3716 675 3788 abllorigge
689 3734 723 3770 m.
744 3716 780 3769 ab
795 3715 960 3784 Adiatonge
974 3715 1239 3785 Martyai-Lapana
1252 3717 1261 3782 11
1274 3731 1484 3784 quamquam-

202 3791 226 3841 5.
238 3785 363 3857 copiosa]
383 3804 440 3855 qua
457 3803 508 3841 nec
521 3787 673 3857 benignam
692 3803 742 3841 neo
762 3786 905 3856 copiosam
923 3805 956 3840 m.
986 3785 1110 3839 Comana
1125 3803 1177 3854 pro
1196 3785 1292 3839 omnia
1307 3787 1409 3853 Klots,
1426 3804 1488 3843 aon

202 3864 283 3911 recte:
310 3859 383 3912 nibil
405 3861 477 3912 enim
497 3859 617 3913 Οοτηαηα
636 3861 673 3914 ad
691 3859 889 3928 Adiutoripem.
918 3874 1001 3925 quem
1026 3874 1077 3911 nec
1095 3856 1249 3926 benignum
1268 3873 1318 3911 nec
1337 3856 1487 3927 copiosum

202 3929 387 3997 ilduyni-L.
411 3931 438 3980 s
460 3932 599 3998 scriptura
625 3931 783 3998 temptorula
806 3947 861 3983 noa
884 3930 991 3983 ridetur
1013 3930 1022 3995 11
1046 3934 1069 3982 ὁ.
1091 3931 1281 3998 cognouerant
1304 3931 1329 3983 G
1352 3930 1362 3995 11
1385 3929 1488 3984 urbem

202 3999 300 4053 urbem
318 3998 357 4052 mi
375 4000 436 4052 rufe
455 3999 515 4053 cole
534 4002 608 4063 MG,
627 4000 725 4053 urbem
743 4000 897 4055 mirufioole
916 4000 956 4061 R,
976 3999 1074 4053 urbem
1092 3998 1208 4052 mirifice
1227 3999 1287 4053 cole
1305 4018 1331 4053 nr
1347 4002 1358 4080 l
1378 3998 1409 4053 iu
1428 3999 1488 4055 ista

202 4069 414 4137 Mm,ista1l,
438 4069 503 4124 istic
522 4073 547 4124 G
571 4075 580 4140 11
603 4077 626 4126 o.
647 4071 683 4124 ab
703 4071 777 4125 adul.
799 4073 868 4135 Gra,
893 4070 967 4124 abul.
988 4072 1033 4133 Μ,
1059 4070 1133 4124 adul.
1153 4071 1180 4123 R
1204 4073 1212 4137 11
1237 4075 1259 4124 7,
1280 4069 1425 4125 sordidast
1443 4071 1487 4126 eis

202 4143 332 4212 quorum]
353 4140 495 4195 sordidast
509 4142 649 4209 liquorum
663 4161 697 4210 m,
717 4142 832 4196 sordida
850 4143 885 4196 iis
900 4159 1017 4209 quorum
1034 4143 1074 4207 M,
1094 4139 1208 4194 sordida
1222 4144 1266 4194 est
1280 4158 1400 4209 quorum
1411 4143 1488 4209 GRJ

203 4219 226 4267 8.
246 4214 276 4266 in
294 4212 464 4267 sententiam
482 4231 507 4266 m
522 4216 530 4281 11
545 4220 569 4267 t.
590 4231 646 4267 una
664 4213 785 4268 mercule
804 4213 971 4282 (mehercule
992 4214 1028 4280 G)
1048 4211 1292 4267 ambulatiuncula
1308 4212 1377 4278 an,
1397 4230 1487 4268 unam

202 4283 362 4337 herculeam
384 4283 591 4337 bulatiumoula
610 4286 646 4338 Μ
648 4328 655 4344 ,
678 4303 735 4338 una
758 4285 915 4339 mehercule
941 4282 1195 4354 ambulat,uugula
1213 4285 1241 4339 R
1263 4286 1272 4351 11
1295 4283 1386 4338 omnis
1405 4286 1488 4352 nrRsl

204 4360 244 4409 12.
265 4372 342 4424 spem
362 4355 439 4416 Mau
464 4372 527 4424 spes
548 4357 602 4411 GR
621 4358 667 4425 (Μ
671 4364 699 4422 r).
729 4359 759 4410 in
782 4358 900 4425 elliplico
923 4368 1017 4426 peaerc
1043 4357 1152 4411 dicerni-i
1175 4357 1289 4422 offerruit
1315 4356 1487 4426 lt'esenberp,

203 4427 311 4480 iniuria
325 4429 333 4493 11
348 4425 441 4495 inquis
460 4426 530 4479 sutis
549 4445 584 4492 ra,
602 4426 753 4496 inquisatis
772 4429 809 4481 Μ
825 4426 1015 4494 (inquiuisatis
1034 4428 1103 4495 ΜΓ),
1127 4426 1156 4479 in
1175 4443 1230 4494 quo
1250 4425 1319 4480 satis
1340 4426 1396 4481 GR
1410 4429 1420 4493 11
1433 4426 1485 4480 tri-

204 4496 366 4564 umpharem
386 4501 420 4564 o,
441 4516 498 4551 -am
517 4517 542 4552 m
564 4501 573 4567 11
598 4505 695 4553 14.15.
715 4497 826 4551 mittero
846 4498 981 4566 epistulas
1000 4499 1028 4550 tc
1049 4496 1141 4566 dignis
1160 4515 1185 4550 m
1208 4500 1217 4566 11
1242 4502 1282 4551 17.
1302 4496 1485 4553 M.-Caslio

203 4582 253 4619 om.
274 4568 351 4635 61111
369 4587 405 4623 ru.
425 4569 495 4623 ceho
515 4589 548 4624 es
567 4570 710 4623 marcellio
730 4570 851 4623 ruderulo
871 4571 905 4622 Μ
922 4572 990 4638 1118.
1012 4568 1085 4622 cuim
1106 4569 1182 4639 <non
1200 4567 1316 4692 nullae?
1335 4584 1393 4621 nou
1412 4569 1485 4625 Leh-

203 4645 420 4707 rannulpho),
445 4643 552 4695 iar'ror'o
574 4644 583 4709 11
608 4647 648 4696 19.
668 4647 710 4695 ⁶30.
730 4640 881 4708 prudentes
900 4641 950 4693 Μυ
973 4643 981 4707 11
1005 4647 1046 4695 2¹0.
1067 4639 1201 4694 siccasi
1229 4639 1270 4694 rel
1305 4640 1325 4692 I
1327 4639 1334 4672 ¹
1352 4641 1396 4694 cel
1415 4641 1468 4695 Μο
1477 4641 1488 4712 {l

204 4711 246 4760 21.
270 4709 302 4759 ut
324 4726 358 4762 es
381 4712 431 4762 aut
453 4711 499 4764 Μ1
522 4714 531 4780 11
554 4717 595 4767 22.
620 4711 742 4766 fideliter
765 4712 792 4765 It
815 4714 824 4779 11
847 4716 888 4764 ⁶23.
913 4727 956 4763 mc
980 4712 1007 4766 It
1030 4715 1039 4779 11
1063 4718 1105 4766 ⁶31.
1130 4710 1290 4780 simultaterl
1315 4715 1341 4779 (l
1362 4712 1416 4767 litt.
1434 4714 1486 4783 er.)

205 4777 412 4847 do',‘posuimus
430 4782 510 4848 (1-2
530 4784 582 4836 litt.
601 4785 649 4852 er.)
667 4784 704 4836 Μ
1248 4797 1249 4800 ’
