3314 5460
204 395 270 459 204
655 394 692 449 M.
712 393 819 448 TVLLI
837 391 1026 448 CICERONIS

204 558 377 625 excanduit
405 562 438 622 et
465 581 515 623 me
540 581 670 624 causam
698 557 946 623 inimicitiarum
969 580 1124 643 quaerere
1148 557 1344 640 clamitavit,
1375 560 1428 642 ut,
1456 557 1482 621 si

206 665 285 730 mihi
309 666 343 730 iu
366 666 503 749 pecunia
525 665 631 730 minus
661 665 741 730 setis
770 663 914 748 fecisset,
941 687 1000 750 per
1027 665 1111 732 hanc
1139 665 1280 750 speciem
1305 664 1483 729 simultatis

204 795 278 838 eum
315 777 527 839 consectarer.
580 777 695 858 postea
727 795 793 837 non
825 771 954 836 destitit
990 793 1154 838 accersere
1186 770 1300 836 Polam
1334 768 1489 836 Servium·

170 899 185 944 3
205 884 441 964 accusatorem,
468 880 551 945 inire
575 902 648 946 cum
672 879 819 944 Domitio
843 878 988 944 consilia.
1034 878 1153 963 quibus
1176 900 1391 964 comparum
1414 899 1485 962 pro·

204 986 340 1070 cederet,
364 991 401 1050 ut
424 987 492 1050 ulla
515 987 586 1073 lege
610 987 691 1051 mihi
714 990 873 1071 ponerent
896 989 1129 1070 accusatorem,
1153 986 1330 1070 conpellari
1353 1008 1395 1050 ea
1414 986 1485 1072 lege
1511 1009 1523 1048 a

205 1116 254 1158 me
287 1094 460 1158 voluerunt
468 1145 476 1177 ,
513 1117 577 1178 qua
608 1095 714 1161 (licere
746 1116 812 1158 non
844 1097 1011 1177 poterant:
1048 1093 1296 1158 insolentissimi
1333 1091 1486 1157 homines

204 1202 339 1264 summis
368 1200 588 1284 Circensibus,
619 1202 705 1266 ludis
739 1201 833 1284 meis,
864 1200 1097 1285 postulandum
1129 1222 1181 1265 me
1213 1200 1284 1285 lege
1315 1198 1488 1264 Scantinia

204 1311 326 1372 curent.
373 1308 426 1371 vix
454 1308 515 1372 hoc
543 1314 614 1372 erat
643 1308 723 1372 Pola
753 1309 916 1392 elocutus,
948 1329 1021 1373 cum
1049 1329 1109 1392 ego
1138 1307 1282 1392 Appium
1315 1328 1488 1373 censorem

204 1413 314 1478 eadem
340 1416 412 1500 lege
434 1415 612 1499 postulavi:
636 1415 723 1499 quud
746 1415 862 1480 melius
887 1415 1028 1498 caderet,
1051 1413 1134 1479 nihil
1158 1414 1236 1498 vidi,
1259 1435 1337 1478 nam
1362 1415 1414 1479 sic
1437 1420 1488 1480 est

203 1543 223 1584 a
250 1520 371 1604 populo
400 1525 433 1584 et
460 1542 526 1584 non
553 1522 665 1586 infimo
697 1542 824 1604 quoque
858 1521 1088 1605 adprobatum,
1119 1525 1157 1586 ut
1188 1520 1346 1586 maiorem
1375 1521 1488 1606 Appio
1504 1545 1528 1583 ιο

203 1627 347 1691 dolorem
372 1627 458 1691 fama
482 1650 579 1711 quam
603 1627 783 1712 postulatio
808 1627 967 1692 attulerit.
1007 1632 1178 1712 praeterea
1201 1628 1292 1712 coepi
1316 1629 1488 1713 sacellum,

169 1751 183 1796 ι
206 1734 239 1797 in
262 1735 359 1797 domo
383 1734 468 1818 quod
497 1739 559 1817 est,
588 1735 629 1799 ab
653 1757 691 1800 eo
714 1739 833 1819 petere.
879 1735 1054 1800 conturbat
1076 1757 1128 1800 me
1152 1758 1245 1800 mora
1266 1735 1354 1800 servi
1378 1736 1489 1820 huius,

203 1840 258 1923 qni
291 1840 353 1904 tibi
385 1839 512 1904 litteras
546 1840 674 1923 attulit,
707 1863 782 1905 nam
815 1841 957 1925 acceptis
990 1841 1156 1925 prioribus
1189 1840 1308 1907 litteris
1341 1843 1488 1927 amplius

201 1947 314 2031 (dies)
343 1946 560 2032 qnadraginta
587 1947 715 2013 mansit.
762 1949 838 2033 quid
867 1949 929 2012 tibi
958 1948 1113 2033 scribam,
1140 1948 1264 2014 nescio:
1293 1949 1394 2033 †scis
1423 1949 1487 2014 Do·

203 2053 295 2118 mitio
329 2053 414 2118 diem
446 2058 593 2119 tumorac
627 2059 677 2119 est
712 2059 864 2140 exspecto
895 2055 987 2120 valde
1016 2059 1049 2120 et
1076 2077 1175 2140 quam
1201 2056 1345 2141 primum
1376 2056 1526 2121 viderere

201 2160 310 2244 cupio,
334 2185 353 2224 a
376 2166 408 2225 tc
432 2165 518 2246 peto,
542 2165 579 2225 ut
600 2185 690 2226 meas
715 2163 849 2227 iniurias
874 2163 1009 2247 proinde
1033 2163 1152 2247 doleas,
1176 2167 1214 2227 ut
1237 2184 1288 2227 me
1311 2162 1486 2229 existimas

201 2270 235 2332 ct
257 2267 365 2331 dolere
389 2272 422 2331 et
445 2266 557 2332 ulcisci
581 2272 654 2333 tuas
679 2269 791 2333 solere.

609 2493 614 2503 ·
726 2460 955 2551 nuum)

600 2605 790 2671 cnnnlvs
814 2605 1025 2673 ciceroni
1050 2606 1082 2672 s.

164 2723 185 2797 ι’
289 2732 445 2797 Gratulor
469 2732 529 2796 tibi
554 2732 722 2796 adfinitate
746 2732 807 2796 viri
827 2732 951 2797 medius
971 2731 1067 2796 fidius
1087 2732 1217 2816 optimi,
1240 2752 1316 2796 nam
1336 2733 1403 2798 hoc
1421 2755 1485 2820 ego
1499 2758 1523 2796 so

198 2839 236 2903 de
260 2838 317 2903 illo
342 2839 507 2903 existimo:
541 2842 649 2904 cetera
672 2860 780 2923 porro,
808 2839 926 2924 quibus
951 2839 1056 2904 adhuc
1080 2839 1135 2902 ille
1159 2839 1223 2904 sibi
1247 2860 1367 2923 parum
1391 2840 1484 2905 utilis

199 2944 274 3029 luit,
303 2950 337 3009 et
360 2950 468 3009 aetate
493 2946 558 3009 iam
582 2951 659 3010 suut
681 2947 817 3011 decussa
840 2950 874 3011 ct
897 2945 1131 3011 consuetudine
1159 2950 1258 3030 atque
1281 2947 1484 3012 auctoritate

198 3056 268 3134 tua,
299 3051 420 3135 pudore
449 3051 587 3135 Tulliae,
619 3053 646 3116 si
675 3075 739 3137 qua
767 3053 952 3136 restabunt,
980 3051 1107 3116 confido
1136 3052 1285 3118 celeriter
1312 3055 1485 3119 sublatum

197 3157 253 3241 iri,
276 3154 341 3222 noh
366 3163 416 3222 est
439 3158 525 3222 enim
547 3181 679 3245 pugnax
703 3159 736 3223 in
760 3157 849 3222 vitiis
872 3180 977 3242 neque
1000 3158 1101 3223 hebes
1125 3158 1165 3222 ad
1189 3158 1232 3244 id,
1255 3159 1344 3244 quod
1364 3160 1485 3225 melius

199 3265 255 3347 sit,
288 3264 550 3350 intellegendum.
597 3265 711 3330 deinde
741 3303 785 3310 -
816 3265 901 3350 quod
932 3265 1110 3330 maximum
1140 3270 1191 3330 est
1220 3302 1262 3312 -—
1290 3286 1356 3352 ego
1386 3266 1528 3333 illumsa.

166 3371 292 3437 eraldo
316 3393 399 3436 amo.
446 3372 544 3455 voles,
568 3371 690 3455 Cicero,
714 3370 889 3436 Curionem
911 3375 1060 3436 nostrum
1083 3372 1211 3437 lautum
1233 3372 1484 3439 intercessionis

199 3479 238 3544 dc
261 3477 438 3563 provinciis
463 3479 585 3544 exitum
608 3479 775 3544 habuisse:
806 3501 896 3563 nam,
919 3501 992 3543 cum
1016 3479 1100 3562 <de>
1122 3479 1358 3544 intercemione
1382 3480 1485 3545 refer-

199 3591 298 3670 retur,
322 3609 404 3670 quae
424 3586 540 3651 relatio
560 3587 661 3650 fiebat
680 3609 718 3651 ex
738 3589 869 3650 senatus
894 3585 1052 3669 consulto,
1076 3585 1244 3670 primaque
1267 3583 1312 3650 M.
1331 3584 1483 3653 Marcelli

199 3693 361 3757 sententia
385 3693 598 3776 pronuntiata
620 3699 716 3776 esset,
739 3692 794 3776 qui
815 3692 973 3777 agendum
995 3714 1069 3757 cnm
1092 3691 1234 3757 tribunis
1253 3692 1296 3776 pl.
1316 3694 1484 3777 censebat,

198 3800 348 3884 {sequens
373 3805 504 3864 senatus
528 3799 562 3865 in
586 3801 651 3865 alia
671 3800 780 3865 omnia
798 3799 837 3863 iit
859 3837 903 3845 —
927 3799 1132 3864 stomachost
1158 3799 1283 3865 scilicet
1300 3797 1528 3886 Pompeiusss

287 4000 310 4047 1.
331 3992 462 4047 seonduit
480 3995 509 4047 et
527 4010 571 4047 me
590 4010 676 4048 causa
696 3994 733 4047 M
748 3997 757 4063 11
781 3999 805 4047 3.
825 4008 965 4046 arcessere
984 4009 1000 4051 ς
1019 3996 1028 4060 1
1047 3990 1143 4061 palam
1162 3989 1285 4046 sernium
1304 3992 1344 4046 M
1358 3996 1414 4063 14.
1433 3993 1481 4049 ‹lo-

197 4064 259 4118 miti
279 4065 315 4117 M
330 4067 339 4133 11
359 4071 382 4118 5.
402 4064 473 4133 ulla]
493 4064 551 4118 ulia
570 4066 704 4136 Pluppers
722 4067 748 4131 (1
766 4083 795 4133 p.
811 4067 883 4132 279),
909 4063 968 4117 nlla
987 4061 1089 4136 (alia)
1108 4065 1149 4118 vel
1168 4061 1269 4136 (alia)
1287 4062 1351 4118 ulla
1370 4065 1481 4121 Wesen—

197 4139 259 4206 berp
277 4139 286 4205 11
304 4138 421 4204 poneret
440 4136 477 4188 M
496 4139 505 4202 l
529 4144 552 4190 u.
573 4153 629 4204 quc
649 4135 746 4207 (ipsi)
767 4134 859 4189 dicere
879 4136 992 4190 Boresti
1012 4137 1021 4203 11
1044 4133 1262 4189 insolentissime
1281 4135 1324 4204 M,
1343 4137 1410 4203 sort.
1426 4155 1480 4206 pru

197 4207 264 4260 -mei
285 4210 294 4272 1
317 4214 341 4262 8,
362 4210 495 4260 curarunt
515 4208 672 4278 tlfeseuterp
690 4210 699 4275 11
716 4207 800 4275 polae
819 4207 930 4261 locutus
950 4207 987 4260 Μ
1005 4209 1014 4274 11
1038 4212 1062 4260 t.
1081 4205 1201 4260 eandem
1219 4205 1257 4259 M
1274 4207 1284 4276 l
1308 4212 1351 4260 11.
1371 4206 1477 4262 saccel-

196 4278 255 4330 lum
275 4279 310 4331 M
330 4282 339 4347 1
365 4285 403 4332 12.
423 4294 467 4331 mc
499 4295 534 4331 ne
554 4279 590 4331 M
609 4281 618 4347 11
644 4285 684 4332 14.
704 4277 764 4331 dies
783 4296 832 4333 om.
854 4278 890 4331 M
905 4281 914 4345 1
935 4276 1056 4331 scr-ibam
1075 4276 1170 4333 nescio
1189 4279 1230 4333 eu
1247 4278 1354 4347 scripta
1371 4280 1405 4332 in
1424 4278 1463 4333 M
1470 4296 1474 4303 ·

199 4356 238 4402 le.
269 4348 466 4420 <comitiorum
519 4351 594 4418 (adri.
621 4350 735 4417 Weiske)
772 4348 846 4403 diem
878 4347 974 4403 timori
1000 4364 1068 4403 esse.
1109 4351 1139 4403 te
1167 4348 1319 4416 Victorius,
1351 4357 1425 4405 recte
1450 4358 1481 4404 at

196 4422 304 4475 videtur
331 4422 375 4489 (cf.
401 4420 552 4490 Sternlepf
576 4422 692 4489 ‘quaest
721 4421 851 4475 chronol?
883 4422 958 4488 (diss.
983 4420 1075 4475 arare.
1101 4423 1181 4488 1884)
1201 4438 1231 4489 p.
1251 4422 1359 4490 Mau).
1404 4419 1479 4475 diem

197 4493 323 4544 tumores
342 4494 386 4544 est
405 4491 442 4544 M
455 4495 464 4559 11
484 4497 525 4546 17.
546 4491 646 4562 solere]
666 4508 759 4546 sorore
779 4493 815 4543 M
832 4494 842 4559 11
863 4497 904 4546 20.
925 4490 1102 4545 adfinitatem
1120 4491 1284 4558 Lambinus,
1301 4492 1367 4558 sort.
1387 4491 1479 4548 recte

197 4568 239 4616 ⁶32.
260 4563 378 4615 decussa
398 4563 525 4617 Celusius
544 4564 701 4629 Solinates,
727 4563 761 4615 de
785 4580 872 4616 causa
891 4563 926 4615 M
945 4566 955 4630 1
978 4568 1019 4617 24.
1043 4563 1169 4634 pugnax]
1193 4560 1324 4632 pertinax
1342 4563 1482 4635 Pluypera

197 4636 222 4698 (1
240 4652 268 4701 p.
284 4635 347 4699 ιιι)
370 4635 380 4701 11
402 4632 501 4703 hebes]
521 4634 609 4687 habes
629 4634 666 4687 M
685 4637 694 4701 11
717 4639 759 4687 25.
780 4632 828 4703 sit]
848 4635 891 4686 est
911 4635 1070 4704 Wesenberp
1092 4636 1102 4702 11
1124 4639 1166 4687 26.
1186 4632 1405 4688 intercessiones
1425 4635 1463 4689 M

198 4708 240 4754 ιι.
256 4703 373 4755 exitium
388 4705 423 4756 M
434 4708 443 4772 11
458 4704 492 4758 de
507 4724 556 4759 aas
573 4705 610 4758 M
621 4710 630 4774 l
644 4711 686 4759 28.
703 4706 803 4758 senatu
817 4704 946 4758 consultu
962 4706 998 4758 M
1008 4708 1074 4774 1129.
1090 4722 1153 4758 cum
1171 4703 1413 4774 tribunusplebis
1428 4705 1466 4760 M

199 4780 240 4826 30.
261 4773 445 4845 stomachost]
466 4776 626 4829 stomachus
646 4777 682 4829 M
700 4779 709 4844 11
730 4775 839 4829 scilicet
856 4774 1005 4845 Pompeius
1019 4777 1070 4830 dcl.
1091 4776 1248 4843 Manutius,
1266 4791 1323 4830 non
1341 4777 1485 4833 intellecta

197 4845 298 4899 scilicet
317 4845 408 4899 ironia
427 4864 481 4916 qua
502 4848 610 4902 Coelius
628 4850 718 4902 utitur
