3314 5460
197 370 239 431 14
651 370 688 429 Μ,
707 371 813 426 TVLLI
832 370 1021 427 CICERONIS

196 531 258 596 sibi
283 532 338 598 ille
362 534 504 598 adfixum
528 534 665 600 habebit
687 558 792 619 neque
810 557 830 598 a
848 557 899 599 me
918 536 987 599 ulla
1006 557 1067 619 res,
1091 557 1172 619 quae
1192 535 1231 600 ad
1250 540 1283 600 te
1301 535 1483 619 pertineat,

195 640 397 724 neglegatur,
419 662 523 724 neque
547 643 634 706 enim
657 643 809 726 verebor,
830 664 870 705 ne
895 642 957 706 sim
981 642 1011 707 ei
1034 642 1201 726 molestus,
1223 641 1276 707 cui
1299 642 1481 706 iucundum

166 763 181 809 c
196 745 260 809 crit
279 746 378 811 etiam
399 753 532 832 propter
551 772 585 813 se
605 749 721 833 ipsum,
741 771 839 834 quom
858 770 909 813 me
929 770 999 813 esse
1019 752 1150 834 gratum
1165 748 1296 814 videbit
1325 754 1363 813 tu
1377 748 1482 813 velim

195 852 256 916 tibi
276 852 323 916 ita
341 855 545 937 persuadeas,
568 855 692 919 nullam
712 878 780 919 rem
800 877 870 919 esse
889 854 1068 939 minimam,
1091 876 1173 938 quae
1193 856 1232 919 ad
1251 860 1284 920 te
1302 855 1484 940 pertineat,

195 980 276 1042 quas
301 960 381 1024 mihi
400 984 465 1026 non
485 963 591 1027 carior
610 961 655 1026 sit
674 984 771 1046 quam
791 984 880 1026 meae
900 984 952 1027 res
971 983 1094 1044 omnes,
1116 962 1213 1047 idque
1232 984 1305 1027 cum
1325 961 1482 1043 sentiam,

195 1065 368 1131 sedulitate
396 1067 546 1132 mihimet
570 1069 639 1152 ipse
663 1069 743 1132 satis
771 1068 877 1133 facere
904 1090 1052 1153 possum,
1082 1089 1116 1132 re
1145 1068 1274 1152 quidem
1302 1068 1376 1152 ipsa
1405 1069 1483 1132 ideo

195 1171 275 1236 mihi
298 1195 364 1237 non
388 1175 469 1238 satis
494 1175 591 1258 facio,
619 1175 703 1257 quod
732 1175 856 1238 nullam
884 1180 1011 1259 partem
1040 1180 1170 1239 tuorum
1194 1175 1388 1239 meritomm
1412 1196 1481 1239 non

196 1279 291 1343 modo
317 1279 498 1364 referenda,
529 1282 584 1345 sed
607 1303 647 1345 ne
671 1282 846 1365 cogitanda
870 1282 999 1365 quidem
1023 1280 1132 1367 gratia
1154 1280 1309 1365 consequi
1332 1303 1484 1365 possum.

165 1404 264 1451 erem
291 1389 323 1449 te
347 1386 439 1450 valde
463 1387 544 1451 bene
571 1389 711 1472 gessisse
732 1410 843 1452 rumor
862 1393 946 1473 erat,
969 1391 1224 1473 expectabantur
1242 1388 1373 1453 litterae
1395 1394 1486 1469 tuae,

195 1491 234 1554 de
259 1491 377 1574 quibus
401 1514 529 1557 eramus
558 1494 623 1559 iam
652 1518 724 1560 cum
749 1494 904 1579 Pompeio
929 1496 1044 1580 locuti,
1073 1517 1154 1580 quae
1178 1495 1205 1559 si
1229 1500 1324 1558 erunt
1347 1496 1485 1578 allatae,
1503 1518 1530 1554 ιο

195 1602 345 1662 nostrum
379 1600 523 1664 studium
557 1602 700 1666 exstabit
728 1602 761 1665 in
790 1602 1017 1667 conveniendis
1047 1602 1296 1686 magistratibus
1325 1607 1358 1665 et
1390 1625 1487 1666 seua-

196 1704 334 1787 toribus,
358 1710 538 1791 ceteraque,
562 1730 644 1792 quae
667 1709 707 1772 ad
731 1712 763 1772 te
786 1708 1007 1792 pertinebunt,
1030 1731 1103 1773 cum
1126 1710 1225 1773 etiam
1248 1709 1323 1792 plus
1347 1715 1487 1773 conten·

195 1810 347 1895 deriruus,
371 1834 468 1895 quam
491 1835 675 1899 possumus,
700 1814 805 1878 minus
830 1819 940 1879 tamen
963 1816 1129 1899 faciemus,
1153 1838 1251 1899 quam
1275 1816 1445 1880 debemus.

744 2028 801 2093 1x.
843 2026 926 2115 (47.)

494 2168 536 2233 n.
561 2168 721 2235 cronno
747 2169 777 2235 S.
801 2170 839 2234 u.
863 2169 1069 2235 uuurvuo
1093 2169 1181 2235 rur.
1503 2201 1530 2240 a

168 2328 178 2373 ι
286 2309 506 2375 l'eriucuudae
526 2312 606 2376 mihi
625 2314 757 2377 fuerunt
781 2312 910 2377 litterae
934 2317 1018 2396 tuae,
1042 2314 1159 2397 quibus
1186 2313 1331 2377 intellexi
1355 2318 1388 2377 te
1409 2336 1485 2398 per·

196 2416 319 2499 spicere
348 2438 453 2482 meam
481 2418 514 2482 iu
544 2424 576 2482 to
605 2419 761 2503 pictatem
788 2456 825 2465 —
853 2418 929 2502 quid
958 2419 1044 2483 enim
1072 2420 1177 2484 dicam
1207 2420 1484 2503 benevolentiam,

196 2545 269 2587 cum
293 2523 372 2588 illud
391 2525 498 2608 ipsum
518 2526 746 2611 gravissimum
766 2530 799 2590 et
819 2526 1064 2590 sanctissimum
1085 2549 1203 2591 nomeu
1222 2526 1354 2610 pietatis
1373 2527 1482 2593 levius

196 2628 276 2693 mihi
296 2631 420 2695 meritis
440 2654 518 2718 erga
541 2656 591 2697 me
617 2633 682 2697 tuis
706 2655 776 2697 esse
796 2632 965 2696 videatur?
984 2657 1041 2717 --3
1066 2634 1151 2716 quod
1170 2637 1280 2697 autem
1299 2632 1360 2697 tibi
1380 2640 1482 2718 grata

196 2758 267 2800 mcc
291 2759 368 2822 erga
392 2743 424 2801 te
448 2741 558 2804 studia
576 2740 692 2805 scribis
712 2762 791 2818 esse,
814 2739 894 2802 facis
915 2743 950 2801 tu
970 2739 1098 2822 quidem
1117 2739 1318 2803 abundantia
1337 2741 1481 2824 quadam
1498 2770 1526 2809 ao

196 2843 326 2923 amoris,
345 2847 382 2906 ut
401 2844 501 2907 etiam
516 2852 612 2930 grata
631 2845 698 2908 sint
717 2867 764 2928 ea,
783 2867 864 2929 quae
883 2846 1104 2929 praetermitti
1124 2846 1193 2909 siue
1211 2847 1336 2910 nefario
1355 2848 1480 2911 scelere

195 2969 261 3010 non
284 2954 436 3033 possunt,
468 2951 528 3014 tibi
558 2957 667 3015 autem
695 2952 799 3015 multo
824 2951 932 3015 notior
956 2956 1053 3034 atque
1077 2952 1247 3016 inlustrior
1271 2974 1362 3016 meus
1385 2952 1422 3015 in
1447 2958 1480 3017 te

198 3055 326 3119 animus
350 3060 446 3138 essct,
469 3058 496 3121 si
520 3058 582 3122 hoc
606 3063 752 3141 tempore
776 3058 873 3138 omni,
897 3080 961 3141 quo
985 3058 1121 3122 diiuncti
1145 3058 1276 3142 fuimus,
1299 3064 1332 3122 et
1356 3080 1423 3123 una
1446 3066 1480 3123 et

165 3159 319 3225 allomae
343 3161 530 3228 fuissemus:
560 3187 636 3229 nam
659 3164 693 3228 in
717 3187 754 3229 eo
778 3165 860 3249 ipso,
883 3167 968 3250 quod
993 3171 1026 3230 te
1051 3165 1194 3230 ostendis
1218 3187 1288 3229 esse
1311 3165 1478 3229 facturum

196 3268 345 3351 quodque
365 3270 450 3334 etin
468 3272 583 3355 primis
602 3277 696 3356 potes
716 3277 749 3336 et
768 3293 829 3357 ego
849 3294 869 3335 a
887 3278 919 3336 te
940 3272 1147 3336 vehementer
1165 3277 1326 3356 exspecto,
1350 3271 1385 3335 iu
1403 3293 1476 3336 seu·
1490 3301 1518 3340 aa

198 3374 309 3438 tentiis
326 3376 497 3441 senatoriis
513 3382 546 3442 et
565 3379 701 3443 inomni
717 3380 844 3444 actione
860 3383 957 3463 utque
967 3378 1248 3443 administratione
1263 3377 1309 3441 rei
1324 3378 1477 3461 publicae

197 3479 418 3546 floruissemus
441 3520 477 3530 —
500 3484 538 3547 de
562 3506 626 3568 qus
650 3487 820 3550 ostendam
843 3485 992 3570 equidem
1016 3486 1113 3569 paulo
1136 3490 1213 3569 post
1237 3483 1292 3568 qui
1316 3485 1361 3549 sit
1383 3507 1478 3550 meus

197 3608 310 3651 seusus
335 3592 368 3652 et
391 3594 508 3674 status,
533 3595 565 3654 et
585 3592 761 3656 rescribam
782 3592 842 3655 tibi
862 3592 902 3655 ad
921 3614 967 3675 ea,
992 3614 1073 3676 quae
1092 3593 1221 3675 quaeris
1237 3629 1288 3675 —,
1312 3590 1367 3655 sed
1388 3598 1477 3656 certe

196 3699 230 3756 et
253 3715 314 3779 ego
339 3701 372 3759 te
396 3701 528 3761 auctore
547 3698 745 3763 amicissimo
769 3721 807 3763 ac
831 3699 1074 3781 sapientissimo
1099 3702 1133 3761 et
1155 3701 1190 3761 tu
1215 3720 1265 3762 me
1289 3697 1478 3763 consiliario

195 3800 334 3865 fortasse
363 3825 429 3867 uon
456 3803 716 3888 imperitissimo,
746 3805 833 3869 fideli
863 3806 992 3888 quidem
1020 3809 1053 3868 et
1083 3805 1232 3870 benivolo
1261 3810 1363 3889 certe,
1395 3828 1517 3871 ususco

195 3929 282 3971 esses
309 3945 346 3954 -
374 3931 569 3993 quamquam
600 3916 656 3976 tua
689 3912 818 3996 quidem
852 3933 949 3975 causa
976 3917 1009 3975 te
1040 3933 1110 3975 csse
1144 3911 1373 3995 imperatorem
1403 3934 1477 3996 pro-

285 4108 306 4155 1.
328 4099 382 4154 sibi
402 4100 450 4155 ille
469 4103 500 4155 in
514 4120 567 4156 ros.
585 4104 634 4155 ΙΙΙο
652 4106 718 4171 (suit
736 4106 799 4170 sort.
821 4104 934 4173 sybillc)
949 4107 958 4171 ΙΙ
972 4110 996 4157 ⁶2.
1012 4120 1047 4156 ne
1062 4102 1115 4156 sim
1129 4102 1155 4155 ci
1172 4104 1234 4171 (ΙΙΙ,
1254 4103 1314 4156 nesi
1331 4110 1334 4170 1
1351 4103 1408 4157 mei
1424 4104 1462 4157 M
1474 4154 1477 4175 ,

194 4178 218 4226 3.
239 4188 268 4226 sc
284 4175 427 4239 Graevius,
446 4175 474 4225 tc
490 4176 516 4225 o
530 4177 538 4240 ΙΙ
553 4176 650 4245 quom]
670 4192 755 4241 quam
770 4178 796 4227 a
809 4178 818 4243 ll
833 4182 857 4230 t.
877 4175 1034 4245 minimam]
1055 4178 1089 4241 cf'.
1110 4174 1228 4243 rindorp
1247 4176 1285 4228 od
1300 4176 1354 4229 Gs'c.
1375 4176 1408 4228 de
1426 4178 1476 4243 fin».

195 4243 240 4309 ΙΙΙ,
258 4250 280 4311 1,
296 4248 311 4294 3
335 4246 344 4310 ΙΙ
367 4250 391 4296 b.
412 4260 495 4311 qutun
513 4245 574 4309 GR,
594 4262 657 4297 curu
678 4246 711 4297 M
716 4247 731 4312 ¹,
754 4252 812 4312 qm'r
829 4250 888 4314 (etc)
904 4248 937 4299 M
942 4255 953 4281 ⁰
967 4251 976 4314 ΙΙ
990 4246 1074 4313 idque
1093 4261 1212 4311 cumque
1230 4245 1350 4299 acutiam
1370 4246 1477 4299 seduli·

194 4316 254 4366 tate
272 4316 352 4383 (tem
368 4315 403 4367 M
406 4323 428 4381 ι’)
447 4314 562 4367 mihimo
581 4314 673 4384 ipsum
693 4316 762 4369 satis
781 4318 873 4371 facere
892 4334 948 4370 non
966 4317 1072 4386 possim
1092 4317 1133 4383 M,
1152 4316 1181 4368 id
1201 4332 1395 4383 quaecumque
1413 4333 1476 4370 seu·

194 4384 265 4436 tiam
285 4385 334 4437 scd
353 4384 507 4438 utilitatem
525 4384 595 4437 milri
614 4385 769 4455 meipsum
789 4406 809 4441 s.
829 4388 847 4441 f.
868 4405 924 4441 nou
942 4388 1048 4457 possim
1068 4404 1192 4457 (possum
1212 4390 1249 4456 (ι’)
1270 4389 1336 4455 (ΙΙΙ,
1356 4404 1426 4442 corr.
1442 4405 1472 4451 ς;

195 4461 219 4507 b.
234 4454 350 4522 gississe
365 4457 400 4508 M
413 4456 544 4525 (gessisse
559 4457 617 4524 Μ’)
631 4461 640 4525 ΙΙ
656 4464 696 4511 12.
715 4458 897 4525 pertinebunt
912 4475 936 4525 ς,
956 4460 1038 4512 -baut
1053 4462 1101 4525 ΩΙ]
1117 4466 1157 4512 15.
1174 4458 1200 4511 S.
1216 4458 1247 4511 D.
1263 4459 1292 4512 P.
1309 4476 1324 4516 ς
1339 4464 1348 4525 ΙΙ
1364 4464 1404 4512 19.
1420 4458 1477 4513 tibi

195 4540 228 4575 ea·
237 4524 278 4577 ibi
289 4526 323 4576 M
330 4527 335 4559 ¹
351 4530 360 4594 ΙΙ
376 4533 416 4581 19,
426 4535 468 4582 20.
479 4527 532 4581 tibi
543 4530 626 4597 grata
636 4528 731 4581 studia
740 4545 803 4582 mea
813 4528 911 4582 scribis
924 4534 949 4584 (l
963 4534 971 4597 ΙΙ
986 4536 1027 4583 al.
1039 4532 1122 4598 grata
1135 4548 1169 4583 ac
1183 4529 1277 4598 gratia
1293 4531 1414 4583 rodendo
1424 4530 1461 4583 M
1474 4548 1477 4599 ι

168 4603 172 4609 ’
196 4593 256 4646 sino
275 4596 382 4649 nefario
404 4599 470 4666 GR,
490 4598 622 4652 siuefario
642 4600 678 4651 M
688 4603 697 4669 ΙΙ
711 4606 753 4652 23.
773 4618 828 4667 quo
848 4600 968 4654 diiuncti
987 4618 1015 4668 ς,
1036 4601 1110 4669 quod
1130 4599 1219 4653 iuncti
1239 4600 1286 4665 M,
1310 4617 1365 4668 quo
1385 4600 1476 4655 iuneti

197 4665 252 4718 (ΙΙΙ
265 4667 275 4731 ΙΙ
289 4682 342 4734 un,¹
364 4668 401 4718 M
417 4672 484 4737 (una
503 4672 537 4722 M
543 4674 562 4739 ¹)
577 4674 585 4739 ΙΙ
600 4676 641 4725 27.
662 4670 792 4738 equidem
814 4672 847 4739 G,
867 4671 1014 4740 sequidem
1034 4673 1076 4739 M,
1095 4670 1256 4738 etquidem
1275 4672 1302 4725 ΙΙ
1315 4675 1325 4739 l
1338 4672 1425 4740 paulo
1443 4676 1480 4741 Ω,

194 4734 292 4861 1)ηέΙέ
311 4753 327 4792 ς
340 4739 350 4804 l
364 4737 427 4803 quis
444 4741 469 4793 (Ι
482 4742 492 4807 l
506 4746 548 4795 30.
563 4741 695 4796 beniuolo
710 4745 745 4811 a,
763 4740 901 4796 beneuolo
921 4761 936 4800 ς
950 4746 960 4811 l
973 4748 1015 4797 31.
1036 4758 1110 4797 esses
1125 4743 1160 4810 ΙΙ,
1181 4758 1242 4796 esse
1257 4743 1292 4797 M
1310 4748 1397 4811 (esses
1408 4743 1444 4796 M
1448 4751 1478 4813 ¹),

195 4823 224 4862 es
276 4810 283 4829 ¹
