3314 5460
484 378 740 436 EPISTVLARVM
758 379 816 435 xv.
837 387 860 434 s.
882 387 906 434 r.
926 388 949 436 a.
970 386 993 436 o.
1015 388 1055 436 10.
1343 382 1409 444 413

127 543 279 627 feminae,
302 543 383 609 meis
406 543 514 608 verbis
538 544 602 609 eris
626 544 820 629 gratulatus.
857 568 876 609 a
900 550 933 610 te
951 583 995 591 —
1013 546 1046 610 id
1070 545 1155 628 quod
1180 546 1345 612 consuesti
1369 583 1402 592 -

128 655 218 736 peto,
241 674 292 717 me
317 652 485 716 absentem
508 651 626 736 diligas
650 657 749 736 atque
773 652 933 717 defendas.

689 865 744 930 rx.
769 863 850 952 (91.)

269 1004 497 1073 noiomo
524 1006 700 1074 erosos.
725 1006 756 1074 s.
780 1007 820 1072 o.
844 1007 887 1073 n.
912 1007 1149 1074 nuncnune
1175 1008 1264 1075 cos,

98 1169 112 1209 ⁵
221 1149 266 1215 Te
289 1154 323 1215 et
345 1150 479 1234 pietatis
502 1149 537 1214 in
560 1154 635 1215 tuos
659 1154 692 1215 et
720 1152 820 1216 animi
844 1151 877 1215 in
901 1174 970 1216 rem
992 1175 1022 1236 p.
1051 1156 1084 1217 et
1112 1151 1284 1217 clarissimi
1312 1157 1443 1237 atquer

128 1257 250 1343 optimi
274 1257 462 1323 consulatus
487 1256 521 1323 C.
545 1256 700 1323 Marcello
728 1259 860 1323 consule
884 1258 972 1324 facto
1003 1259 1145 1324 fructum
1172 1259 1296 1344 cepisse
1320 1259 1411 1324 vehe-

128 1367 260 1428 menter
282 1363 417 1450 gaudeo.
462 1385 527 1429 non
553 1364 676 1449 dubito,
701 1365 778 1449 quid
800 1369 987 1449 praesentes
1011 1366 1170 1450 sentiant3
1197 1387 1256 1431 nos
1281 1366 1410 1451 quidem

129 1470 306 1557 longinqui
325 1475 358 1537 et
376 1493 395 1536 a
415 1470 539 1555 teipso
563 1467 654 1536 missi
673 1472 707 1536 in
730 1472 864 1537 ultimas
888 1472 996 1557 gentis
1016 1471 1056 1536 ad
1080 1471 1205 1537 caelum
1229 1471 1410 1537 mehercule

128 1577 279 1643 tollimus
304 1577 483 1643 verissimis
503 1600 540 1643 ac
559 1578 749 1643 iustissimis
773 1578 931 1644 laudibus.
977 1601 1066 1657 nam,
1090 1602 1163 1645 cum
1182 1585 1215 1644 te
1235 1603 1255 1644 a
1272 1579 1412 1663 pueritia

86 1705 113 1743 ιο
130 1689 191 1748 tua
213 1684 309 1750 unice
331 1685 500 1750 dilexerim
523 1689 623 1768 tuque
642 1685 747 1749 mein
771 1685 859 1750 omni
883 1707 1000 1770 genere
1025 1708 1152 1770 semper
1175 1687 1411 1771 amplissimum

130 1814 204 1857 esse
228 1794 261 1855 et
285 1792 425 1857 volueris
450 1795 483 1857 et
505 1792 668 1876 iudicaris,
690 1796 761 1856 tum
784 1791 846 1857 hoc
866 1793 916 1857 vel
936 1797 993 1857 tuo
1012 1793 1100 1857 facto
1120 1793 1171 1857 vel
1190 1793 1304 1877 populi
1321 1793 1359 1856 u.
1373 1794 1434 1873 de,

129 1904 165 1963 te
194 1898 314 1964 iudicio
342 1899 446 1963 multo
475 1899 581 1964 aerius
610 1899 896 1984 vehementiusque
920 1898 1022 1984 diligo
1051 1900 1255 1983 maximaque
1284 1899 1412 1964 laetitia

130 2005 277 2091 adficior,
299 2027 373 2071 cum
392 2006 433 2071 ab
456 2005 645 2071 hominibus
665 2006 928 2090 prudentissimis
947 2006 1088 2090 virisque
1108 2006 1241 2090 optimis
1261 2007 1412 2070 omuibus

131 2111 231 2177 dictis
263 2112 373 2198 factis,
406 2113 523 2178 studiis
551 2112 713 2178 institutis
743 2112 791 2178 vel
820 2135 871 2178 me
900 2112 948 2177 tui
976 2112 1116 2177 similem
1145 2135 1214 2178 esse
1245 2113 1340 2178 audio
1363 2113 1415 2177 vel

85 2242 113 2281 15
128 2224 165 2284 te
189 2219 262 2284 mei.
285 2242 386 2284 unum
409 2240 485 2284 vero
509 2218 537 2284 si
567 2218 658 2283 addis
681 2219 720 2282 ad
749 2219 1026 2304 praeclarissimas
1055 2240 1107 2283 res
1135 2219 1324 2284 consulatus
1352 2219 1410 2303 tui,
1432 2239 1447 2284 a

129 2330 169 2391 ut
193 2329 252 2391 ant
274 2325 355 2391 mihi
387 2326 540 2392 succedat
563 2347 661 2409 quani
694 2325 835 2410 primum
869 2326 988 2410 aliquis
1017 2330 1074 2390 aut
1101 2348 1143 2391 ne
1172 2326 1249 2410 quid
1282 2325 1414 2391 accedat

128 2433 291 2519 temporis
314 2434 354 2498 ad
377 2433 424 2517 id,
448 2433 535 2517 quod
558 2438 594 2496 tu
623 2432 704 2496 nrihi
727 2437 761 2497 et
790 2438 923 2518 senatus
951 2455 977 2498 c.
1001 2437 1035 2497 et
1060 2433 1133 2517 lege
1160 2432 1277 2517 finisti,
1305 2432 1415 2498 omnia

128 2563 183 2605 me
211 2563 270 2624 per
297 2544 330 2605 te
363 2544 573 2606 consemtum
606 2539 739 2623 putabo.
776 2562 866 2624 cura,
898 2543 936 2605 ut
964 2540 1071 2604 valeas
1105 2543 1139 2603 et
1167 2561 1218 2604 me
1247 2540 1413 2605 absentem

129 2647 253 2733 diligas
276 2651 375 2731 atque
399 2646 561 2711 defendas.
603 2669 684 2731 quae
708 2645 789 2711 mihi
817 2647 855 2711 de
879 2646 1011 2711 Parthis
1039 2644 1192 2710 nuntiata
1219 2650 1309 2730 sunt,
1337 2646 1414 2729 quia
1434 2667 1449 2712 3

85 2782 112 2819 ar
130 2776 199 2818 non
225 2755 384 2839 putabam
411 2777 430 2818 a
454 2774 505 2817 me
533 2752 632 2818 etiam
660 2776 745 2818 nuno
775 2753 945 2818 scribenda
973 2775 1044 2816 esse
1071 2752 1215 2838 publice,
1242 2756 1415 2837 propterea

127 2883 171 2925 ne
195 2882 256 2945 pro
279 2860 505 2926 familiaritate
537 2860 668 2944 quidem
691 2863 804 2923 nostra
827 2859 916 2924 volui
946 2860 985 2924 ad
1015 2863 1046 2922 te
1075 2858 1230 2941 scribere,
1258 2881 1312 2942 ne,
1341 2882 1414 2924 eum

128 2968 171 3032 ad
196 2967 365 3033 consulem
388 2966 604 3050 scripsissem,
627 2965 756 3048 publice
780 2966 906 3030 viderer
929 2965 1106 3048 scripsisse.

690 3178 728 3243 x.
753 3177 857 3265 (103.)

266 3324 309 3389 n.
334 3320 495 3388 cronno
521 3320 607 3387 rue.
632 3320 662 3387 s.
687 3320 725 3387 o.
751 3320 785 3387 o.
808 3321 1049 3388 nuncnunc
1075 3322 1108 3388 o.
1134 3323 1169 3387 r.
1189 3320 1279 3389 oos

86 3489 115 3530 2⁵
223 3463 384 3542 Quoniam
399 3465 432 3529 id
451 3465 578 3548 accidit,
597 3464 683 3549 quod
698 3463 777 3528 mihi
798 3465 937 3530 maxime
956 3465 1018 3529 luit
1037 3468 1196 3548 optatum,
1215 3470 1252 3530 ut
1270 3466 1415 3531 omnium
1436 3488 1447 3534 1

131 3572 374 3656 Marcellorum,
405 3571 670 3637 Marcellinorum
703 3570 802 3634 etiam
832 3608 873 3617 —
908 3572 1063 3636 mirificus
1096 3572 1182 3635 enim
1214 3572 1342 3658 generis
1376 3594 1414 3636 ac

130 3679 275 3744 nominis
298 3679 400 3744 vestri
423 3679 487 3744 fuit
510 3700 589 3764 erga
612 3699 663 3741 me
687 3700 814 3761 semper
841 3678 968 3741 animus
996 3715 1033 3723 —
1045 3729 1052 3760 ,
1084 3679 1238 3761 quoniam
1267 3698 1343 3762 ergo
1367 3678 1415 3743 ita

132 3786 267 3871 accidit,
299 3791 337 3851 ut
369 3786 515 3852 omnium
547 3792 693 3852 vestrum
726 3785 834 3850 studio
868 3789 943 3849 tuns
977 3785 1164 3850 consulatus
1195 3784 1276 3850 satis
1308 3785 1415 3851 facere

131 3896 254 3978 posset,
277 3892 311 3956 in
335 3914 433 3976 quem
459 3915 550 3959 mese
579 3916 630 3958 res
658 3897 769 3979 gestae
797 3892 932 3976 lausque
960 3896 994 3955 et
1020 3891 1126 3956 honos
1153 3914 1263 3957 earum
1286 3890 1415 3976 potissi-

86 4024 117 4064 ao
133 4022 224 4064 mum
252 3999 423 4085 incideret,
453 4005 530 4084 peto
554 4024 573 4065 a
597 4005 644 4084 te,
676 4000 710 4063 id
738 3999 824 4083 quod
856 3998 1049 4064 facillimum
1072 3998 1196 4064 factust
1218 4020 1285 4063 non
1308 4021 1415 4083 asper-

221 4127 349 4134 --m-.-

225 4199 248 4249 1.
267 4191 410 4248 consuesti
429 4193 459 4246 F
458 4193 526 4262 HD,
546 4192 635 4247 suesti
653 4194 691 4247 M
706 4193 779 4263 quod
797 4194 882 4247 teneri
894 4193 976 4262 posse
993 4210 1049 4248 nou
1063 4195 1171 4248 videtur
1183 4196 1193 4261 ΙΙ
1207 4196 1231 4247 5.
1250 4193 1279 4246 te
1294 4189 1366 4259 MD,
1384 4193 1413 4245 et

132 4267 163 4318 te
184 4265 247 4320 ΓΗ
257 4266 299 4332 (st
314 4267 373 4320 sine
391 4265 475 4320 dubio
494 4271 583 4320 ortum
602 4284 635 4320 ex
648 4270 697 4333 >‚
719 4272 786 4318 noto
803 4265 997 4319 distinctionis.
1026 4272 1051 4319 et
1069 4266 1109 4319 sic
1121 4266 1232 4334 saepius
1244 4265 1255 4331 l
1269 4261 1362 4316 animo
1378 4263 1414 4331 F,

132 4334 236 4397 anime,
254 4337 368 4404 ataid,
386 4352 401 4389 e
419 4338 568 4390 inrasm.
584 4342 609 4403 2,
629 4336 662 4389 Η
673 4339 682 4404 ΙΙ
697 4341 721 4390 ’1,
740 4338 770 4389 et
787 4351 843 4389 non
859 4335 920 4388 ΕΗ
931 4341 940 4401 [Ι
954 4337 984 4389 et
1001 4352 1052 4389 nos
1067 4335 1131 4389 ΕΗ
1142 4340 1150 4405 fl
1166 4341 1188 4389 8.
1209 4334 1256 4388 lon
1280 4333 1355 4402 '‘qui
1371 4334 1414 4401 M,

132 4424 185 4462 om.
203 4406 292 4461 ΓΗΒ
305 4408 315 4475 Ι
329 4411 353 4462 9.
374 4406 445 4478 (te)
464 4406 589 4461 tollimus
604 4408 721 4476 stillet
741 4423 807 4460 nam
823 4405 881 4460 ΕΗ
894 4409 904 4473 l
919 4412 960 4462 10.
979 4406 1009 4460 in
1023 4406 1099 4461 omni
1113 4422 1216 4477 genere
1265 4448 1271 4474 ‚
1291 4405 1367 4460 omni
1385 4405 1415 4459 in

132 4494 236 4549 genere
257 4478 348 4532 FHD
361 4482 370 4543 ῃ
385 4484 426 4533 12.
446 4477 498 4532 dili
535 4477 597 4532 ntia
615 4486 678 4533 ante
696 4477 790 4532 letitia
808 4495 868 4546 exp.
888 4479 934 4531 M¹
954 4480 995 4532 cel
1008 4479 1060 4532 Μο
1075 4481 1136 4549 (orn.
1155 4480 1195 4548 P)
1209 4482 1218 4547 fl
1234 4483 1275 4532 13.
1290 4476 1327 4530 ab
1342 4477 1415 4546 MD,

132 4567 184 4604 om.
205 4548 270 4602 ΓΗ
289 4553 298 4618 l
322 4548 446 4618 uirisque
469 4495 541 4619 ddi,
564 4549 691 4618 utrisque
715 4549 780 4603 ΕΗ
798 4551 843 4618 (ex
861 4548 972 4617 utrique
992 4548 1048 4618 Hl)
1072 4553 1081 4619 ΙΙ
1103 4555 1144 4604 15.
1164 4555 1198 4618 >
1218 4565 1304 4601 unum
1323 4548 1362 4614 Η,
1387 4551 1416 4601 et

132 4638 220 4674 unum
242 4620 350 4687 11'11'1.
369 4623 399 4675 et
417 4624 532 4675 senatus
551 4637 574 4676 o.
594 4623 623 4675 et
640 4620 715 4691 lege]
735 4623 770 4684 cs.
791 4620 914 4674 Willems
934 4621 973 4675 ‘tc
991 4623 1083 4675 scnut’
1100 4622 1125 4674 ΙΙ
1140 4639 1169 4689 p.
1186 4625 1238 4673 588
1252 4636 1289 4688 sq.
1304 4621 1314 4687 ss
1330 4626 1370 4674 18.
1387 4622 1416 4673 et

132 4708 202 4746 cura
228 4691 319 4761 Ful
342 4697 384 4746 20.
409 4691 572 4746 scribendas
596 4693 633 4745 M
652 4697 661 4756 ΙΙ
681 4692 830 4760 propterea
850 4723 882 4731 —
902 4696 944 4746 22.
968 4690 1081 4760 publice
1100 4692 1163 4745 Ml)
1187 4694 1339 4760 (praetereo
1353 4708 1415 4745 con·

132 4765 284 4828 testinata,
308 4780 359 4819 om.
381 4764 445 4817 ΡΗ
463 4767 472 4832 ΙΙ
495 4768 537 4818 26.
557 4763 682 4817 mirificis
701 4764 737 4817 M
758 4766 767 4833 ss
791 4768 833 4818 29.
853 4778 936 4830 quem
954 4778 1018 4817 mae
1036 4779 1080 4816 res
1099 4764 1136 4816 M
1154 4765 1164 4833 ΙΙ
1187 4767 1229 4816 30.
1249 4761 1354 4816 factust
1373 4763 1415 4832 M,

132 4834 228 4890 lactus
278 4835 317 4904 H,
336 4834 414 4890 lactu
432 4835 469 4891 D.
