3286 5460
176 367 278 421 XXXII
711 367 925 422 PRAEFATIO.

173 531 290 594 harum
309 552 416 595 rerum
436 530 634 614 peritissimi,
662 530 697 596 Ο.
717 531 757 596 E.
776 531 915 596 Schmidt
933 529 1137 614 Dresdensis,
1155 552 1241 595 nunc
1259 529 1461 613 Misniensis‚

175 640 208 700 et
236 641 289 701 Ae.
314 638 439 701 Kirner
466 634 727 702 Ohemnitiensis.
778 639 834 723 qui
868 659 948 722 quus
981 638 1016 701 in
1044 659 1078 702 se
1106 640 1298 722 receperunt
1326 637 1462 701 tabulas

176 743 422 830 chronologicus
452 766 524 809 cum
554 746 593 809 sd
621 767 671 809 me
692 745 876 835 prisissent,
905 744 1080 830 recognovi
1104 749 1137 808 et
1161 745 1188 807 si
1212 766 1276 828 qus
1299 742 1335 807 in
1358 765 1393 808 re
1418 744 1461 808 ab

175 849 242 913 illis
271 848 477 915 dissentirem
505 853 604 916 verbo
633 853 795 916 adnotavi.
841 853 879 915 de
909 850 989 935 ipsis
1014 851 1136 915 tabulis
1160 872 1233 915 eum
1256 851 1290 914 in
1314 850 1462 934 epistula

176 957 356 1040 praemissa
379 958 460 1022 setis
484 959 671 1043 exposuerit
694 959 731 1024 Ο.
750 958 789 1022 Ε.
810 957 967 1039 Schmidt,
993 980 1094 1022 unum
1117 958 1200 1022 eddo
1223 979 1376 1021 numeros
1402 957 1460 1021 uni

83 1119 86 1123 ,
176 1064 290 1148 cuique
315 1064 474 1149 epistulae
498 1066 660 1148 praefixos
684 1070 830 1149 spectare
854 1065 894 1129 ad
918 1064 1127 1149 adpendieem
1151 1064 1251 1128 illam.

264 1172 329 1235 iam
344 1170 425 1234 nihil
440 1176 589 1253 superest
601 1173 667 1236 nisi
681 1176 766 1236 utet
780 1172 874 1236 venis
887 1174 1020 1255 petatur
1034 1171 1141 1255 operis
1156 1171 1245 1256 longi
1262 1170 1400 1235 maculis
1418 1208 1460 1219 -

176 1279 243 1342 sive
268 1300 321 1342 ess
346 1278 471 1342 ineuris
494 1277 578 1341 ludit
601 1277 669 1341 sive
688 1278 831 1342 humens
848 1301 964 1363 parum
984 1278 1070 1343 cavit
1088 1281 1206 1342 natura
1220 1313 1262 1323 -
1278 1280 1311 1340 st
1330 1278 1463 1362 gratiae

176 1389 316 1470 agantur
343 1383 390 1448 eis
420 1384 608 1448 hominibus
636 1385 739 1450 doetis
769 1386 824 1468 qui
853 1385 936 1450 hene
964 1385 1140 1450 editionem
1164 1383 1213 1447 vel
1238 1384 1300 1448 hoe
1323 1385 1375 1448 vel
1399 1385 1463 1450 illo

175 1490 271 1555 modo
300 1490 452 1554 adiuvere
475 1490 656 1555 voluerunt.
708 1492 953 1556 obstrinxerunt
981 1498 1090 1556 autem
1114 1514 1164 1555 me
1193 1491 1360 1556 benefieiis
1388 1493 1463 1556 suis

176 1620 250 1662 eum
265 1597 305 1661 G.
321 1596 423 1678 Goete,
438 1597 477 1662 G.
493 1597 728 1679 Gundermeen,
747 1598 801 1662 To.
818 1600 1000 1677 Mommsen,
1016 1605 1055 1662 H.
1072 1597 1250 1680 Nettlesiip,
1264 1597 1320 1662 Fr.
1330 1597 1465 1683 seueri,

176 1704 218 1768 H.
237 1704 348 1786 Vitelli,
367 1702 400 1768 0.
414 1703 649 1788 Zaepemezster,
668 1709 738 1770 tum
755 1705 789 1771 0.
808 1706 987 1786 Hirschfeld
1004 1711 1037 1770 et
1056 1706 1085 1770 I.
1100 1705 1145 1770 H.
1160 1703 1318 1770 Schmule:
1337 1705 1464 1770 utrius·

176 1832 238 1894 que
270 1814 303 1874 et
334 1810 599 1895 promptissimus
637 1812 763 1876 animus
796 1817 830 1876 et
863 1834 990 1876 summa
1027 1812 1176 1892 doctrina
1208 1815 1340 1896 praesto
1377 1812 1465 1877 mihi

176 1917 297 2001 ubique
325 1916 467 1981 fuerunt.
517 1919 573 2002 qui
600 1917 749 1983 homines
777 1918 865 1983 docti
894 1918 1013 1983 studiis
1040 1919 1108 1983 suis
1136 1918 1222 1983 haud
1250 1939 1385 2002 prorsus
1414 1920 1466 1984 in·

176 2023 311 2109 dignum
331 2024 478 2088 extitisse
497 2022 618 2088 librum
637 2024 664 2086 si
682 2024 906 2120 iudioaverint,
929 2026 1074 2109 amplum
1092 2024 1145 2089 hie
1165 2025 1270 2089 editor
1289 2024 1353 2089 sibi
1374 2025 1465 2091 vide·

178 2130 268 2194 bitur
290 2130 414 2195 loboris
438 2130 561 2215 cepisse
584 2130 774 2215 praemium.

267 2271 334 2338 Sor.
358 2271 499 2357 Dorputi
523 2271 562 2337 K.
586 2271 655 2338 Iun.
680 2296 707 2337 a.
728 2274 823 2338 1892.

1071 2434 1104 2500 L.
1128 2433 1369 2501 lleudelssolru.
