3314 5460
412 398 416 404 .
496 360 752 415 EPISTVLARVM
772 360 843 414 xvi.
865 365 888 416 1.
909 367 933 416 a
953 367 977 415 a.
998 367 1022 415 s.
1330 359 1395 424 427

113 526 226 612 ipsum
250 528 308 590 aut
331 529 404 591 tuas
427 524 557 591 litteras
581 524 766 590 aMarione
789 526 945 610 putabam
969 547 1020 589 me
1045 528 1263 609 accepturum.
1301 547 1398 609 quan·

114 640 191 700 tum
217 654 269 698 me
297 631 417 719 diligis,
445 635 573 696 tantum
600 631 652 696 fac
680 637 717 695 ut
745 632 867 717 valeas,
894 631 945 695 vel
974 636 1132 716 quantum
1160 636 1192 695 te
1217 654 1235 695 a
1259 654 1311 697 me
1335 633 1397 697 scis

116 740 220 826 diligi.
267 737 352 804 Non.
375 736 458 803 Nov.
482 738 605 823 Alyzia.

661 880 721 945 ΠΙ.
755 878 858 967 (147.)

89 1048 103 1087 s
175 1023 366 1091 TVLLIVS
390 1023 447 1090 ET
470 1021 629 1089 CICERO
653 1022 807 1088 TIRONI
832 1022 915 1088 SVO
941 1022 973 1088 S.
996 1023 1035 1088 D.
1059 1023 1116 1088 ET
1140 1023 1176 1100 Q.
1200 1023 1346 1089 PATER

643 1128 701 1194 ET
724 1129 878 1196 FILIVS.

209 1274 280 1341 Nos
309 1275 394 1359 apud
418 1274 581 1359 Alyziam,
610 1297 648 1338 er
676 1296 740 1358 quo
764 1274 836 1338 loco
861 1274 923 1337 tibi
946 1274 1074 1339 litteras
1098 1280 1173 1339 ante
1198 1274 1398 1360 dederamus,
1420 1291 1431 1337 1

117 1406 221 1449 unum
249 1382 335 1447 diem
363 1381 556 1447 commorati
585 1403 711 1465 sumus,
741 1380 827 1465 quod
857 1381 997 1457 Quintus
1025 1404 1084 1447 nos
1112 1387 1305 1447 consecutus
1333 1405 1398 1447 uon

116 1495 204 1555 erat:
232 1490 261 1554 is
289 1489 358 1553 dies
385 1489 449 1558 fuit
478 1487 561 1553 Non.
586 1487 668 1553 Nou.
715 1487 788 1552 inde
817 1492 891 1552 ante
920 1489 1025 1554 lucem
1053 1489 1296 1573 proficiscentes
1324 1494 1398 1553 ante

76 1619 103 1658 ιο
117 1599 208 1664 diem
232 1615 295 1661 vl11
319 1595 396 1661 Idus
420 1594 503 1660 Nov.
527 1596 586 1659 has
610 1594 737 1659 litteras
762 1594 918 1660 dedimus.
964 1600 1014 1679 tu,
1039 1596 1067 1660 si
1091 1618 1150 1661 nos
1175 1617 1287 1661 omnes
1311 1619 1400 1661 amas

117 1710 154 1770 et
176 1703 349 1789 praecipue
373 1725 434 1785 me,
457 1702 650 1788 magistrum
671 1706 772 1785 tuum,
795 1704 952 1766 confirma
971 1708 1011 1767 te.
1049 1725 1111 1789 ego
1131 1703 1222 1767 valde
1243 1718 1435 1787 suspensae

117 1813 230 1877 animo
263 1813 425 1894 exspecto,
457 1809 599 1893 primum
632 1813 665 1873 te
698 1809 837 1891 scilicet,
870 1809 982 1873 deinde
1011 1808 1193 1874 Marionem
1227 1832 1300 1874 cum
1334 1811 1399 1874 tuis
1425 1895 1428 1901 .

117 1917 251 1982 litteris.
297 1938 409 1981 omnes
438 1916 600 2000 cupimus,
628 1937 689 2001 ego
718 1916 752 1980 in
780 1916 907 1999 primis,
936 1938 1033 1999 quam
1061 1917 1203 2000 primum
1227 1916 1401 2000 tesidere,

118 2025 187 2108 sed,
206 2024 253 2088 mi
266 2023 353 2108 Tiro,
371 2023 548 2106 valentem,
567 2044 666 2106 quare
685 2021 768 2086 nihil
789 2022 987 2108 properaris:
1007 2023 1088 2088 satis
1107 2023 1262 2106 †cotidic
1281 2024 1400 2108 videro,

74 2155 102 2194 rs
120 2132 151 2196 si
184 2130 315 2196 valebis.
366 2129 568 2195 utilitatibus
602 2130 667 2194 tuis
699 2152 835 2215 possum
868 2151 989 2197 carere:
1023 2135 1055 2194 te
1082 2130 1189 2194 valere
1218 2135 1275 2195 tua
1303 2152 1401 2195 causa

38 2313 41 2317 .
118 2239 265 2324 primum
288 2238 374 2323 volo,
395 2242 466 2303 tum
491 2259 571 2321 mea,
595 2237 639 2301 mi
664 2236 751 2302 Tir0.
798 2238 877 2302 vale.

663 2467 719 2534 ru.
753 2467 855 2555 (148.)

120 2610 313 2678 TVLLIVS
337 2610 494 2676 TIRONI
523 2609 606 2676 SVO
637 2609 669 2676 S.
692 2610 727 2676 P.
750 2611 789 2676 D.
812 2611 870 2675 ΕΤ
898 2610 1058 2677 CICERO
1083 2611 1140 2676 ΕΤ
1163 2611 1199 2688 Q.
1223 2611 1401 2678 FRATER

674 2717 731 2782 ET
756 2717 793 2794 O.
816 2717 852 2783 F.

73 2889 104 2927 so
212 2861 311 2927 Varie
340 2884 411 2926 sum
440 2860 585 2926 adfectus
613 2861 679 2925 tuis
707 2861 841 2925 litteris:
874 2862 965 2925 valde
993 2861 1101 2946 priore
1128 2844 1250 2947 pagina
1276 2866 1434 2946 pertur·1

121 2972 229 3054 batus,
262 2968 394 3054 paulum
428 2969 531 3033 altera
563 2971 739 3033 recreatus:
772 2991 871 3052 quare
903 2990 988 3032 nuno
1021 2968 1150 3050 quidem
1182 2990 1248 3033 non
1278 2969 1402 3051 dubito,

122 3078 211 3162 quin,
232 3077 336 3161 quoad
357 3075 451 3159 plane
471 3074 588 3157 valeas,
608 3081 640 3139 te
659 3097 762 3159 neque
779 3075 982 3160 navigationi
997 3097 1102 3160 neque
1117 3076 1187 3140 viae
1202 3077 1402 3141 committas:

123 3185 205 3248 satis
229 3187 261 3248 ts
286 3188 412 3247 mature
435 3182 555 3265 videro,
579 3181 606 3246 si
630 3181 726 3268 plane
750 3182 978 3247 confirmatum
1003 3183 1122 3248 videro.
1163 3182 1201 3248 de
1226 3184 1350 3249 medico
1370 3188 1403 3248 et

124 3297 161 3355 tu
189 3291 270 3355 bane
299 3289 478 3354 existimari
507 3290 623 3353 scribis
654 3294 688 3353 et
715 3311 776 3375 ego
806 3290 852 3353 sic
880 3291 990 3375 audio,
1019 3291 1073 3355 sed
1098 3290 1193 3375 plane
1218 3291 1402 3355 curationes

79 3421 108 3460 ss
124 3399 195 3462 eius
220 3419 286 3462 non
309 3395 426 3481 probo,
449 3397 499 3460 ius
524 3397 610 3460 enim
633 3397 775 3460 dandum
798 3396 859 3460 tibi
883 3419 948 3461 non
971 3397 1044 3483 fuit,
1068 3420 1141 3462 cum
1160 3400 1404 3482 κακοστόμαχος

123 3527 227 3589 esses,
254 3504 310 3568 sed
337 3507 447 3568 tamen
474 3509 507 3567 et
529 3503 570 3567 ad
593 3503 686 3567 illum
711 3504 826 3588 scripsi
851 3508 1000 3569 accurate
1025 3506 1120 3569 etad
1144 3504 1316 3589 Lysonem.
1363 3505 1437 3568 adt

124 3611 261 3678 Curium
288 3632 379 3696 vero,
407 3611 635 3675 suavissimum
664 3611 830 3675 hominem
858 3616 891 3676 et
919 3611 1037 3675 summi
1066 3610 1164 3676 officii
1194 3632 1401 3693 summaeque

123 3718 349 3801 humanitatis,
372 3717 476 3781 multa
499 3717 623 3801 scripsi,
647 3717 681 3781 in
705 3718 751 3782 eis
774 3718 882 3801 etiam,
906 3722 950 3799 ut,
975 3718 1003 3782 si
1027 3717 1088 3781 tibi
1111 3718 1283 3800 videretur,
1306 3721 1339 3780 te
1361 3718 1400 3780 ad

124 3847 159 3888 se
178 3824 352 3908 traferret,
375 3823 461 3909 Lyso
485 3824 572 3889 enim
595 3827 707 3888 noster
727 3846 839 3888 vercor
862 3845 901 3887 ne
925 3823 1151 3908 neglegentior
1170 3824 1226 3886 slt:
1250 3823 1403 3907 primum,

77 3932 202 4015 asquia
226 3953 338 3996 omnes
358 3931 486 4015 Graeci,
512 3931 624 3995 deinde
645 3930 738 4014 quod,
763 3953 835 3994 cum
855 3952 874 3994 a
892 3953 943 3994 me
962 3929 1090 3994 lii-teras
1110 3930 1297 4014 accepisset,
1321 3930 1401 3994 mihi

122 4038 230 4102 nullas
259 4038 399 4121 remisit3
427 4038 482 4102 sed
511 4060 584 4101 eum
613 4043 649 4101 tu
678 4037 803 4101 laudas:
833 4042 868 4100 tu
898 4038 1012 4120 igitur,
1041 4037 1118 4120 quid
1141 4037 1325 4101 faciendum
1349 4036 1402 4121 sit,

213 4200 238 4249 3.
257 4193 342 4248 alizia
362 4195 450 4249 ΕΗΒ
468 4198 476 4262 1
495 4201 519 4255 t.
539 4195 585 4247 ET
606 4193 636 4258 Q.
656 4194 730 4265 (Q.)
752 4194 837 4248 Orelli
854 4198 863 4260 11
882 4200 906 4246 6.
926 4194 972 4247 ΕΤ
992 4193 1067 4267 <Q.>
1087 4194 1203 4248 FILIVS
1220 4195 1379 4264 Wesenberg
1393 4195 1402 4263 1

124 4272 146 4321 7.
167 4265 281 4320 alisiam
301 4266 392 4320 ΤΗΙ)
406 4270 415 4329 11
429 4272 453 4320 8.
473 4284 559 4320 unum
580 4266 649 4333 MD,
668 4268 700 4318 ut
718 4283 803 4318 unum
824 4265 887 4320 Fri
898 4267 907 4332 11
921 4265 1051 4334 quinctus
1071 4266 1127 4332 Μ1
1141 4272 1165 4319 9.
1185 4282 1275 4319 nonae
1289 4283 1401 4319 nouem-

121 4338 181 4391 bn's
200 4337 354 4403 (nouembr.
377 4338 419 4406 F)
437 4338 503 4406 ΨΕ,
522 4339 701 4391 unde-nonae
715 4338 881 4391 nouembres
896 4355 911 4394 ς
926 4342 935 4406 11
950 4343 990 4390 11.
1007 4336 1188 4406 magristrum
1203 4338 1259 4404 Μ1
1275 4342 1315 4390 14,
1332 4336 1401 4390 satis

121 4407 239 4479 cotidie]
260 4426 282 4463 s.
301 4407 357 4462 cito
377 4410 405 4462 te
425 4410 547 4476 Ernesti,
566 4426 586 4462 s.
606 4408 763 4477 propinquo
782 4411 810 4461 te
830 4408 876 4462 die
892 4410 969 4463 Koclr
987 4412 1066 4475 (nius.
1086 4409 1174 4463 Rhea.
1189 4407 1240 4460 XII
1255 4426 1284 4476 p.
1301 4413 1364 4477 270)
1378 4416 1402 4462 et

122 4480 233 4534 Krousa
255 4479 339 4550 (oia
363 4499 403 4550 cp.
427 4482 487 4535 em.’
505 4499 534 4550 p.
551 4483 610 4549 36),
630 4499 665 4548 s.,
684 4496 739 4548 quo
758 4483 785 4533 te
806 4479 851 4533 die
873 4481 958 4535 Orelli
984 4483 994 4548 11
1023 4485 1063 4534 19.
1083 4479 1130 4531 ET
1150 4477 1180 4543 Q.
1200 4477 1229 4532 F.
1251 4479 1328 4546 MD,
1351 4497 1400 4534 om.
1451 4510 1455 4515 ·

124 4604 186 4659 ΡΗ
204 4606 215 4672 1
237 4610 279 4658 21.
299 4603 426 4674 paullum
445 4623 461 4663 ς
484 4607 494 4675 11
517 4610 559 4659 22.
579 4605 673 4672 quoad
692 4604 722 4659 D
740 4623 774 4659 ec
792 4623 871 4671 cor-r„
889 4604 964 4673 quod
983 4603 1122 4659 MFHD¹
1140 4606 1149 4670 1
1167 4609 1210 4656 23.
1231 4554 1371 4684 datisdre,
1391 4606 1403 4656 t

121 4697 140 4731 a
157 4696 192 4731 m.
214 4681 237 4743 l,
257 4678 292 4730 M
308 4679 317 4744 11
335 4677 419 4747 plana
439 4678 479 4744 M,
499 4682 527 4730 te
549 4677 638 4730 ΗΠ)
656 4680 666 4741 11
685 4683 727 4730 25.
747 4678 822 4746 curn]
843 4694 909 4744 qum
928 4676 973 4741 M,
993 4692 1076 4744 quem
1096 4675 1186 4728 ΕΗΒ
1200 4678 1209 4741 11
1223 4680 1266 4728 28.
1286 4675 1339 4745 als]
1359 4674 1402 4728 his

122 4747 430 4874 ἷιῦἶέἑιέωῑὲθῗέιίὺῧθ
448 4755 457 4817 11
477 4756 519 4803 29.
540 4748 670 4802 traferret
692 4751 738 4817 M,
757 4749 922 4802 transferret
942 4747 1031 4801 FHD
1048 4751 1057 4815 1
1077 4753 1119 4799 31.
1139 4749 1171 4800 tu
1190 4745 1291 4799 laudas
1311 4748 1341 4798 tu
1361 4747 1402 4815 M,
