3314 5460
705 109 792 175 xm.
824 105 929 196 (175.)

453 270 640 336 nunnius
664 267 921 336 bunnuaria
947 266 1064 334 svin
1089 266 1120 334 s,
1144 267 1184 335 n.

267 428 298 495 S.
322 454 350 495 v.
374 432 404 495 b.
428 454 453 496 e.
477 454 507 495 v.
549 433 603 535 da·
613 453 758 516 operam,
786 435 823 494 ut
847 430 1066 514 convalescas,
1099 429 1185 514 quod
1210 451 1293 514 opus
1317 430 1397 513 erIt,
1425 436 1461 496 ut

178 560 229 602 res
252 542 443 623 tempusque
467 538 629 622 postulat,
658 537 828 623 provideas
858 542 956 621 atque
982 536 1191 602 administres
1213 542 1248 601 et
1270 537 1311 601 ad
1341 559 1395 603 mc
1422 538 1461 603 de

178 644 328 709 omnibus
352 645 449 709 rebus
473 667 571 729 quam
594 645 784 729 saepissime
807 644 936 709 litteras
959 644 1082 708 mittas.
1123 645 1204 709 vale.
1487 666 1530 707 Ξ

696 857 801 924 xxu
838 857 942 945 (raa.)

453 1018 637 1083 rvuurvs
662 1017 692 1083 a.
716 1018 755 1084 n.
778 1016 1034 1083 ranuncula
1060 1016 1182 1085 svin.

268 1178 299 1244 S.
323 1203 351 1245 v.
376 1179 406 1244 b.
430 1202 456 1243 c.
480 1204 507 1243 v.
549 1201 609 1245 nos
633 1179 751 1245 cotidie
775 1179 964 1245 tabellarios
987 1185 1119 1246 nostros
1141 1184 1381 1265 exspectamus,
1406 1182 1461 1267 qui
1587 1200 1633 1265 [-

178 1288 205 1351 si
234 1287 396 1369 venerint,
428 1287 568 1351 fortasse
601 1287 722 1352 erimus
756 1287 925 1372 certiores,
957 1287 1034 1372 quid
1065 1286 1162 1351 nobis
1191 1286 1380 1353 faciendum
1409 1288 1462 1371 sit,

177 1392 398 1477 faciemusque
422 1398 454 1457 te
479 1394 592 1458 statim
612 1392 793 1458 certiorem.
831 1394 1048 1458 valetudinem
1068 1397 1157 1457 tuam
1177 1414 1256 1459 cura
1273 1393 1460 1481 diligenter.
1474 1418 1495 1455 r
1564 1460 1590 1471 ,

177 1499 258 1566 vale.
300 1499 339 1564 Κ.
364 1496 529 1584 Septemb.

685 1607 806 1672 nuru.
840 1604 944 1694 (181.)

456 1766 641 1832 uvnarvs
664 1766 919 1833 rurmnuran
944 1766 1057 1834 SVAE
1083 1765 1113 1833 s.
1137 1767 1177 1833 n.

267 1928 299 1994 S.
318 1952 346 1994 v.
367 1929 395 1992 b.
412 1951 437 1992 e.
452 1952 480 1992 v.
519 1929 662 1994 redditae
681 1930 762 1993 mihi
782 1918 913 1993 tandem
932 1932 1009 1993 sunt
1028 1951 1047 1992 a
1066 1924 1204 1995 Caesare
1222 1928 1357 1995 litterae
1377 1930 1458 1995 satis
1479 1958 1553 2005 a
1565 1950 1606 2015 ἐ

177 2035 337 2118 liberales,
360 2039 393 2099 et
415 2035 485 2118 ipse
509 2035 660 2119 opinione
684 2035 820 2101 celerius
843 2040 1000 2101 uenturus
1022 2058 1094 2101 esse
1117 2036 1612 2123 dicitur30uiutrum111
1656 2111 1657 2114 Ἴ

177 2142 306 2207 obviam
329 2143 517 2227 procedam,
540 2166 581 2206 an
604 2142 658 2206 hic
683 2165 756 2206 eum
780 2147 978 2227 exspectem,
1002 2165 1075 2208 cum
1099 2142 1318 2227 constituero,
1340 2142 1599 2227 daciarum
1652 2205 1657 2226 ς

176 2253 209 2314 te
234 2250 414 2315 certiorem.
456 2248 646 2313 tabellarios
670 2249 751 2312 mihi
776 2249 873 2313 velim
897 2271 994 2333 quam
1013 2248 1156 2334 primum
1175 2250 1335 2315 remittas.
1377 2250 1458 2315 vale·
1476 2281 1570 2326 ε,
1584 2274 1640 2339 1

176 2356 321 2420 tudinem
346 2360 436 2420 tuam
460 2379 536 2422 cura
560 2356 740 2441 diligenter.
783 2356 862 2420 vale.
905 2357 933 2419 d.
956 2378 1003 2440 pr.
1027 2354 1075 2421 Id.
1100 2354 1188 2421 Sext.

686 2506 804 2634 xxlv.
838 2566 944 2657 (iao.)

455 2728 640 2794 TVLLIVS
663 2728 918 2794 TERENTIAE
945 2728 1058 2795 SVAE
1084 2728 1115 2795 S.
1139 2728 1178 2795 D.
1632 2796 1656 2839 ω

267 2888 298 2953 S.
318 2912 345 2953 v.
365 2890 395 2953 b.
414 2912 439 2953 e.
458 2912 487 2953 v.
528 2912 588 2954 nos
612 2912 716 2974 neque
740 2891 778 2954 dc
798 2887 945 2955 Caesaris
970 2892 1111 2956 adventu
1133 2912 1239 2975 neque
1262 2890 1303 2956 de
1325 2889 1602 2997 Ιίὒὺεῐ-ῗῃεν

177 3019 258 3081 quas
282 2996 479 3061 Philotimus
503 2996 622 3060 babere
647 2997 780 3078 dicitur,
804 2997 977 3081 quicquam
1000 2997 1105 3063 adhuc
1128 2998 1210 3063 certi
1231 2996 1406 3062 habemus:
1567 3022 1595 3085 „-

179 3102 257 3187 quid
280 3103 343 3167 erit
367 3104 463 3186 certi,
486 3102 605 3167 faciam
628 3108 660 3167 te
685 3102 799 3167 statim
823 3105 1004 3169 certiorem
1046 3102 1265 3170 valetudinem
1292 3108 1384 3169 tuam
1404 3102 1584 3188 ἓως

179 3214 217 3273 ut
241 3232 341 3274 cures.
384 3210 464 3274 vale.
507 3210 645 3274 111Idus
671 3208 814 3275 Sextilis.

180 3336 393 3345 ———-

268 3408 293 3457 4.
313 3406 423 3473 tempus
446 3419 518 3471 quac
543 3403 616 3456 ΓΗι
639 3404 648 3470 ΙΙ
670 3401 828 3471 postulabit
849 3404 1009 3476 It'rscnberp
1034 3408 1044 3474 l
1071 3410 1096 3459 8.
1115 3420 1167 3458 noa
1190 3402 1315 3459 cotidiae
1337 3403 1392 3458 iad.
1504 3410 1559 3483 js,

179 3474 308 3528 nostodie
323 3476 363 3541 M,
383 3491 433 3527 nos
452 3477 514 3527 tota
532 3474 578 3526 dic
596 3474 685 3527 ΗΠ)
711 3475 721 3543 n
749 3479 789 3527 10.
809 3473 945 3529 faciemus
963 3492 1018 3545 que
1036 3493 1071 3531 ea
1088 3474 1225 3531 faciemus
1244 3492 1318 3545 quae
1331 3472 1376 3529 Μ1
1458 3480 1490 3545 1
1532 3484 1557 3539 te

180 3545 277 3599 statim
292 3546 362 3612 Ml),
381 3545 509 3599 testarriti
523 3545 586 3599 Fri
598 3548 607 3613 ΙΙ
622 3549 662 3599 11.
682 3544 713 3597 K.
731 3544 870 3614 Septemb.
885 3564 936 3602 our.
955 3548 984 3601 F
994 3550 1004 3615 ΙΙ
1019 3552 1060 3602 15.
1079 3546 1213 3629 opinione
1227 3546 1298 3609 MD,
1313 3563 1361 3601 om.
1414 3558 1418 3563 '
1488 3548 1551 3615 115

181 3622 222 3671 18.
242 3616 269 3671 d.
288 3635 328 3687 pr.
348 3616 385 3672 id.
405 3621 473 3672 sext.
490 3617 560 3682 MD,
580 3616 605 3670 d.
626 3621 664 3684 pr'¹
684 3622 741 3684 sep.
762 3616 800 3677 ΙΙ,
819 3634 870 3672 om.
887 3618 937 3685 Fu
951 3623 985 3670 24
1013 3618 1130 3674 sextilis.
1168 3618 1205 3672 ld.
1220 3616 1327 3671 TVLLI
1343 3614 1421 3671 01oe
1466 3618 1550 3679 ER.

180 3687 434 3741 EPISTVLARVM
463 3688 512 3741 AD
540 3686 754 3740 TERENTIAM
777 3687 885 3743 VXOR.
912 3688 1014 3743 EXPL.
1037 3688 1107 3745 luc.
1133 3690 1183 3743 AD
1208 3686 1380 3745 SENATVM
1498 3688 1550 3747 ἘΤ

180 3758 342 3814 CETEROS
360 3757 550 3814 FELICITER
567 3759 627 3827 (boc
645 3776 668 3813 a.
688 3776 737 3813 cm.
758 3759 803 3829 Η)
822 3760 891 3814 ΜΗ
