3314 5460
621 326 878 382 EPISTVLARVM
896 326 941 382 Vl.
964 335 1004 381 10.
1025 334 1066 383 11.
1423 328 1485 392 145

146 491 324 562 cotidie
358 490 439 556 mihi
470 491 577 556 delabi
607 492 647 556 ad
678 492 878 578 aequitatem
906 496 939 557 et
966 491 1007 555 ad
1035 510 1144 556 rerum
1175 495 1328 557 naturam
1359 492 1488 557 videtur

149 608 188 665 et
225 602 334 685 ipsa
358 621 456 663 causa
479 621 518 664 ea
541 603 606 684 est,
632 600 759 664 utiam
783 599 880 664 simul
904 621 977 664 curn
1001 621 1035 663 re
1059 622 1103 683 p,
1132 621 1214 683 quae
1237 599 1271 664 in
1294 602 1488 684 perpetuum

152 709 308 772 iacere
332 727 401 771 non
423 711 549 792 potest,
572 707 756 772 necessario
779 706 960 771 revivescat
983 712 1080 791 atque
1105 710 1281 791 recreetur,
1305 707 1489 792 cotidieque

156 811 327 898 aliquid
351 813 392 876 fit
413 812 520 879 lenius
544 817 577 879 et
600 814 782 891 liberalius,
811 835 909 896 quam
931 813 1141 878 timebamus:
1170 835 1252 897 quae
1277 814 1432 898 quoniam
1455 815 1490 879 in

133 921 392 1004 stemporum
415 920 682 985 inclinationibus
703 942 798 1003 saepe
822 920 932 1004 parvis
955 918 1064 1004 posita
1087 925 1174 1003 sunt,
1197 920 1307 985 omnia
1325 927 1491 986 momenta

163 1025 452 1092 observabimus
484 1049 588 1111 neque
621 1028 725 1092 ullum
758 1027 1056 1111 praetermittemus
1085 1027 1135 1092 tui
1162 1027 1273 1091 iuandi
1301 1032 1334 1092 et
1361 1028 1489 1093 levandi

164 1126 321 1197 locum.
370 1134 480 1220 itaque
507 1134 588 1199 illud
618 1134 771 1218 alterum,
801 1135 887 1219 quod
915 1133 996 1219 dixi,
1025 1134 1211 1199 litterarum
1239 1156 1341 1220 genus
1370 1136 1524 1200 cotidieu

167 1235 299 1325 mihi,
333 1245 373 1305 ut
402 1263 514 1326 spero,
545 1242 603 1307 fiet
630 1241 825 1326 proclivius,
853 1246 890 1305 ut
919 1241 1018 1305 etiam
1046 1241 1195 1325 polliceri
1223 1242 1362 1325 possim:
1394 1241 1427 1307 id
1456 1265 1490 1306 re

170 1354 301 1416 quam
335 1347 445 1411 verbis
478 1348 598 1414 faciam
634 1348 800 1413 libentius.
851 1352 888 1411 tu
921 1347 1019 1412 velim
1056 1349 1222 1412 existimes
1255 1352 1288 1411 et
1320 1348 1423 1433 pluris
1458 1354 1491 1413 te

128 1455 153 1492 ¹⁰
172 1451 328 1519 amicos
357 1452 493 1539 habere,
526 1477 625 1540 quam
657 1455 713 1539 qui
741 1455 775 1519 in
804 1455 869 1519 isto
898 1476 976 1519 casu
1003 1455 1070 1519 sint
1098 1476 1136 1520 ac
1164 1454 1299 1538 fuerint,
1332 1460 1491 1539 quantum

174 1554 338 1626 quidem
366 1583 428 1647 ego
456 1561 649 1648 intellegere
677 1562 854 1646 potuerim,
885 1568 918 1626 et
943 1584 993 1626 me
1017 1562 1191 1627 concedere
1219 1584 1332 1626 eorum
1360 1563 1490 1627 nemini.

171 1645 326 1731 fortem
350 1667 403 1733 fac
428 1669 573 1733 animum
601 1668 722 1734 habeas
746 1673 779 1734 et
803 1690 972 1755 magnum,
1001 1669 1087 1754 quod
1111 1669 1218 1734 estin
1242 1691 1307 1733 uno
1331 1673 1377 1733 te:
1409 1693 1490 1754 quae

172 1772 290 1874 ⁸¹⁸1OE
321 1775 356 1838 in
396 1775 545 1858 fortuna,
582 1775 784 1860 temporibus
823 1780 978 1860 regentur
1011 1781 1045 1839 et
1077 1775 1222 1840 consiliis
1259 1776 1382 1840 nostris
1419 1800 1491 1861 pro·

172 1871 411 1945 Vldebuntur.

124 2076 147 2115 ¹⁵
752 2094 808 2159 ru.
847 2093 950 2180 (297.)

546 2272 589 2337 u.
613 2271 774 2339 cronno
800 2271 830 2337 s.
855 2271 895 2339 n.
918 2270 1156 2336 rannuuc.

299 2448 504 2514 Dolabellam
536 2454 632 2514 antea
663 2450 891 2515 tantummodo
924 2449 1115 2535 diligebam,
1149 2450 1315 2536 obligatus
1346 2451 1375 2517 ei
1405 2452 1522 2517 nihil1

172 2557 297 2620 eram
321 2593 365 2602 -
387 2578 447 2622 nec
471 2557 558 2621 enim
582 2556 743 2622 acciderat
771 2555 852 2621 mihi
880 2579 961 2641 opus
990 2579 1073 2640 esse,
1102 2562 1134 2621 et
1157 2556 1212 2621 ille
1237 2557 1317 2622 mihi
1340 2558 1490 2644 debebat,

174 2662 295 2731 quod
321 2685 388 2727 non
415 2662 580 2729 defueram
611 2663 680 2728 cius
708 2663 860 2747 periculis
884 2687 943 2727 -ε
975 2686 1061 2729 nuuc
1089 2668 1182 2729 tanto
1216 2687 1288 2729 sum
1319 2664 1489 2730 devinctus

124 2759 154 2799 ¹⁰
176 2757 279 2833 eius
306 2769 479 2854 beneficio,
510 2770 596 2853 quod
625 2774 658 2835 et
686 2775 781 2834 antea
805 2771 839 2835 in
862 2793 896 2834 re
920 2775 954 2835 et
976 2768 1039 2835 hoc
1067 2775 1213 2854 tempore
1241 2771 1275 2835 in
1303 2770 1409 2835 salute
1432 2776 1490 2836 tua

177 2876 466 2941 cumulatissime
491 2876 571 2941 mihi
595 2877 677 2941 satis
701 2877 792 2961 fecit,
820 2882 858 2941 ut
880 2878 1002 2942 nemini
1024 2878 1097 2962 plus
1122 2877 1264 2941 debeam.
1311 2899 1375 2961 qua
1398 2879 1432 2942 in
1455 2901 1490 2943 re

179 2970 271 3046 tibi
299 2982 449 3068 gratulor
476 2983 524 3047 ita
551 2982 772 3068 vehementer,
803 2989 842 3048 ut
869 2989 902 3048 te
931 3007 1059 3069 quoque
1090 2984 1171 3048 mihi
1203 2983 1362 3071 gratulari
1393 3008 1490 3070 quam

178 3089 332 3159 gracias
361 3111 457 3176 agere
487 3089 612 3155 malim:
640 3091 780 3154 alterum
809 3088 940 3155 omnino
968 3112 1035 3154 non
1058 3089 1219 3174 desidero,
1246 3090 1386 3154 alterum
1415 3114 1490 3155 vere

177 3178 314 3262 faeere
336 3196 469 3280 poteris.
516 3197 602 3281 quod
626 3196 789 3281 reliquum
812 3200 872 3279 est,
897 3196 1051 3281 quoniam
1075 3196 1137 3260 tibi
1161 3197 1267 3262 virtus
1291 3199 1324 3261 et
1347 3197 1526 3282 dignitasa

124 3293 153 3330 ²⁵
179 3288 269 3364 ¹²11&
290 3303 429 3368 reditum
458 3303 499 3368 ad
527 3309 602 3369 tuos
631 3304 772 3388 aperuit,
799 3307 850 3368 est
879 3306 954 3367 tuae
982 3303 1161 3385 sapientiae
1191 3303 1489 3389 magnitudinisque

175 3403 322 3492 animi,
355 3411 433 3494 quid
466 3411 628 3495 amiseris,
662 3409 824 3495 oblivisci,
857 3409 934 3494 quid
967 3410 1175 3495 reciperaris,
1208 3410 1368 3493 cogitare:
1401 3408 1490 3474 vives

175 3517 283 3580 eum
305 3515 386 3595 tuis,
410 3516 498 3581 vives
523 3517 708 3601 nobiscum3
736 3517 810 3601 plus
835 3516 1007 3600 adquisisti
1031 3516 1203 3601 dignitatis
1228 3539 1326 3600 quam
1350 3516 1489 3581 amisisti

174 3616 252 3679 1‘ei
287 3623 475 3708 familiaris,
507 3645 591 3708 quae
620 3624 693 3709 ipsa
722 3629 794 3689 tum
824 3627 910 3688 esset
940 3624 1125 3706 iucundior,
1158 3624 1186 3687 si
1220 3623 1288 3687 ulla
1319 3645 1371 3687 res
1404 3627 1491 3687 esset

172 3726 349 3795 Publica.
389 3729 568 3818 Vestorius,
591 3736 703 3797 noster
726 3730 911 3814 familiaris,
935 3731 975 3794 ad
999 3752 1050 3795 me
1074 3729 1207 3814 scripsit
1231 3735 1263 3793 te
1287 3729 1368 3793 mihi
1393 3731 1491 3794 maxi·

193 3872 240 3888 *x

202 4048 216 4071 φ
300 4001 324 4050 1.
344 3995 413 4049 mihi
432 3997 466 4063 Ω,
486 3993 577 4064 magis
596 3994 666 4048 mihi
688 3996 733 4063 ΤΙΙ
747 3995 784 4047 ad
802 4011 894 4049 rerum
912 3994 1055 4065 naturam]
1080 3994 1117 4046 ad
1135 4010 1232 4047 verum
1251 3995 1354 4046 natura
1373 3994 1491 4063 Mudcip

177 4045 196 4109 (
220 4067 296 4122 “da
316 4068 387 4122 crit)
408 4067 448 4120 III
462 4085 492 4135 p.
509 4069 580 4135 158),
599 4083 691 4121 uereor
708 4072 816 4121 atcere
837 4068 848 4136 l
870 4072 894 4120 2.
915 4082 949 4119 ea
967 4067 1011 4119 est
1029 4066 1102 4132 MT,
1122 4067 1165 4118 est
1183 4081 1216 4118 ea
1237 4066 1271 4132 G,
1291 4068 1334 4119 est
1352 4064 1380 4119 R
1402 4067 1411 4132 ss
1435 4063 1491 4116 iam

176 4130 257 4187 om·
282 4139 307 4192 T
327 4141 337 4208 {l
359 4144 383 4193 2.
404 4143 428 4192 3.
448 4154 520 4205 quae
538 4137 630 4191 iacere
650 4136 699 4190 diu
716 4154 773 4190 non
791 4139 885 4206 potest
906 4137 931 4190 T
951 4139 960 4206 ΙΙ
983 4143 1008 4192 3.
1027 4135 1185 4190 reuiuescat
1204 4137 1249 4203 M,
1277 4135 1366 4189 -iscat
1386 4136 1485 4190 θΙίΤ1

179 4195 295 4280 atflue
314 4211 455 4263 recreetur
472 4211 506 4276 a,
526 4211 555 4263 et
574 4208 728 4276 aliquando
746 4211 886 4263 recreetur
908 4208 956 4277 Tu
977 4214 1001 4262 4.
1021 4207 1112 4261 lenius
1134 4208 1164 4272 T,
1184 4206 1274 4259 leuius
1293 4209 1319 4259 a
1340 4205 1441 4273 (leuius
1459 4206 1492 4258 fit

179 4261 319 4374 thura
338 4281 376 4350 c)
403 4283 414 4351 ι
440 4279 571 4334 timemus
592 4280 617 4333 r
642 4283 651 4349 ιι
679 4284 702 4333 a
723 4279 935 4333 obseruauimus
955 4280 988 4332 ru
1010 4282 1020 4347 ιι
1042 4277 1160 4332 iuuandi
1185 4278 1268 4332 cnr
1292 4280 1302 4359 ιι
1331 4283 1353 4332 v.
1374 4276 1491 4330 corsae

197 4347 224 4387 θ·
246 4346 269 4406 l.
282 4353 305 4405 Τ
317 4353 327 4421 ι
340 4357 364 4407 8,
381 4355 413 4405 ut
427 4350 536 4419 aliquid
550 4350 637 4404 etiam
651 4349 779 4420 polliceri
796 4352 826 4416 T,
841 4353 889 4421 qai
903 4351 947 4404 tic
961 4352 1062 4404 desiuit
1075 4353 1084 4418 ll
1099 4354 1237 4417 10.quan1
1252 4366 1299 4417 qm
1312 4381 1343 4387 —
1356 4355 1397 4402 11.
1408 4347 1491 4401 intel·

183 4392 302 4482 1⁸8⁶oe
321 4441 371 4478 orn.
392 4423 448 4479 GR
471 4426 475 4492 1
495 4428 535 4476 11.
554 4421 635 4492 potui
654 4423 814 4492 Wesmberp
827 4425 837 4492 l
850 4421 1002 4476 concedere
1021 4438 1065 4474 mc
1085 4422 1111 4475 G
1125 4423 1134 4489 ΙΙ
1150 4425 1190 4473 12.
1210 4423 1238 4473 te
1257 4437 1307 4473 aaa
1327 4420 1355 4473 R
1369 4421 1378 4488 ΙΙ
1392 4425 1433 4471 16.
1454 4418 1490 4472 M.

185 4486 263 4560 Οἴη.
284 4495 308 4549 G
330 4497 340 4564 ΙΙ
364 4498 405 4548 17.
426 4494 462 4547 do
475 4493 597 4548 obellam
618 4494 652 4561 G,
673 4499 699 4548 et
717 4511 751 4548 ecc
769 4493 940 4547 dolabellam
959 4492 1000 4547 13¹
1023 4495 1032 4561 ΙΙ
1055 4490 1209 4560 diligebam
1227 4490 1423 4543 tantummodo
1445 4490 1492 4561 Gt!

187 4552 248 4606 ¹¹¹¹
274 4565 322 4634 Ru
336 4571 379 4619 18,
399 4581 461 4620 esse
479 4566 521 4632 M,
541 4568 616 4619 essct
630 4566 664 4632 G,
685 4564 745 4618 eius
764 4565 800 4620 R,
830 4567 903 4619 locas
921 4566 1008 4618 curiis
1027 4565 1352 4631 eouiectucistemptutus
1371 4564 1406 4630 (o.
1422 4562 1492 4615 Let-

187 4626 296 4689 ’Μυκη
313 4655 340 4706 p.
356 4641 407 4689 126
418 4640 481 4706 aq),
504 4638 613 4691 laianu
628 4642 698 4706 pato
721 4638 730 4704 ll
752 4641 794 4689 26.
814 4634 978 4704 reciperaris
997 4635 1052 4701 Μ’,
1071 4632 1244 4700 recuperatis
1265 4633 1328 4700 GR,
1347 4648 1492 4702 recupera-

189 4696 256 4751 ras
279 4708 326 4761 Μῐ
342 4711 352 4777 ΙΙ
370 4713 413 4762 27.
432 4707 580 4761 nobiscnm
598 4725 631 4763 ea
649 4704 795 4761 nobiseum
812 4708 864 4760 Μθ
881 4710 891 4776 ΙΙ
910 4704 1031 4760 amisisti
1049 4705 1087 4758 M
1088 4705 1145 4772 012,
1170 4704 1312 4759 admisisti
1332 4705 1370 4772 G,
1389 4703 1492 4758 misisti

192 4754 257 4817 ³¹¹
274 4781 337 4846 ltu.
356 4781 418 4833 tum
437 4779 507 4848 ΜΘ,
526 4782 587 4833 tam
604 4779 641 4848 R,
659 4780 756 4833 tamen
775 4779 929 4835 Lambinus

270 4876 314 4918 Cre.
328 4890 362 4927 ep.
377 4879 412 4919 ed
426 4878 639 4920 uandclssohn
1247 4870 1280 4917 10
