3286 5460
195 378 234 442 16
336 449 338 453 Ι
650 340 1022 434 remurmurans

196 542 284 626 bam3
312 563 387 605 nam
415 563 518 625 neque
541 542 580 606 de
605 541 814 607 monimentis
844 542 925 607 meis
949 542 990 607 ab
1014 542 1062 607 eis
1085 542 1215 606 adiutus
1239 562 1288 625 es,
1315 563 1335 605 a
1359 538 1473 625 quibus

195 647 347 733 debuisti,
368 669 472 731 neque
495 648 534 712 de
557 649 590 713 vi
612 648 746 727 nefaria,
771 671 834 733 qua
858 671 931 713 cum
954 649 1056 713 fratre
1079 670 1169 713 eram
1192 647 1289 714 domo
1314 648 1474 732 expulsus,

194 776 298 840 neque
313 755 442 820 hercule
462 756 495 819 in
515 756 561 820 eis
580 755 662 839 ipsis
682 756 788 841 rebus,
807 777 899 839 quae,
917 777 1115 839 quamquam
1134 758 1227 820 erant
1246 754 1328 819 mihi
1341 758 1474 839 propter

194 862 240 926 rei
264 861 435 927 familiaris
454 861 627 947 naufragia
648 863 860 947 necessariae,
884 868 993 927 tamen
1013 885 1032 926 a
1050 884 1102 927 me
1121 861 1249 926 minimi
1265 861 1475 946 putabantur,

194 969 228 1031 in
251 969 331 1034 meis
356 969 482 1033 damnis
506 992 545 1034 ex
569 969 765 1034 auctoritate
795 973 927 1034 senatus
957 967 1134 1034 sarciendis
1162 990 1234 1033 eam
1262 967 1508 1049 voluntatens

193 1096 290 1158 quam
315 1081 531 1160 expectarem,
554 1076 804 1160 praestiterunt:
828 1096 909 1158 quae
934 1097 1008 1140 oum
1031 1074 1173 1140 viderem
1195 1112 1233 1122 —
1254 1095 1361 1158 neque
1386 1078 1477 1139 eraut

194 1182 332 1247 obseura
359 1219 413 1265 —,
444 1205 510 1247 non
538 1185 648 1246 tamen
675 1185 744 1246 tam
773 1183 889 1247 acerba
921 1181 1002 1245 mihi
1031 1181 1110 1247 haec
1142 1181 1346 1264 accidebant,
1380 1202 1476 1265 quam

162 1294 287 1356 serant
310 1288 367 1353 illa
390 1293 495 1374 grata,
518 1311 600 1373 quae
623 1290 782 1373 fecerant3
805 1289 925 1373 itaque,
949 1310 1144 1372 quamquam
1168 1293 1201 1353 et
1226 1286 1387 1372 Pompeio
1410 1287 1478 1372 plu-

194 1395 322 1479 rimum,
345 1399 377 1459 te
402 1396 532 1478 quidem
556 1395 628 1482 ipso
647 1396 871 1480 praedicatore
895 1417 932 1460 ac
956 1399 1050 1479 teste,
1073 1395 1231 1460 debebam
1255 1398 1289 1459 et
1312 1416 1389 1459 eum
1412 1416 1478 1459 non

194 1501 300 1566 solum
323 1502 490 1587 beneficio,
516 1504 572 1568 sed
595 1525 705 1567 amore
728 1501 827 1567 etiam
852 1507 885 1567 et
907 1505 1066 1586 perpetuo
1090 1502 1231 1586 quodam
1254 1501 1376 1567 iudicio
1401 1523 1475 1566 meo
1492 1524 1515 1562 n

193 1608 383 1694 diligebam,
411 1614 522 1674 tamen
549 1632 614 1674 non
643 1614 812 1694 reputans,
840 1609 917 1693 quid
940 1609 996 1673 ille
1019 1609 1130 1693 vellet,
1158 1609 1192 1673 in
1216 1607 1369 1673 omnibus
1396 1607 1479 1673 meis

163 1715 366 1782 isententiis
398 1716 437 1781 de
470 1739 505 1781 re
536 1716 668 1801 publiea
696 1717 846 1801 pristinis
878 1715 1117 1800 permanebam.
1147 1718 1224 1801 'ego
1257 1715 1392 1779 sedente
1421 1712 1479 1785 On.

193 1821 359 1906 Pompeio,
383 1845 465 1907 cum,
487 1826 526 1886 ut
548 1823 696 1887 laudaret
714 1823 749 1887 P.
770 1821 923 1905 Sestium,
946 1822 1115 1887 introisset
1137 1821 1172 1885 in
1194 1821 1309 1886 urbem
1328 1821 1480 1887 dixisset-

193 1951 255 2012 que
279 1928 373 1993 testis
391 1926 545 1992 Vatinius
569 1952 620 1993 me
645 1929 790 1994 ‘fortuna
813 1932 846 1994 et
868 1928 1026 1994 felicitate
1046 1926 1080 1993 (l.
1100 1927 1248 1994 Caesaris
1272 1933 1478 1994 commotum

193 2036 242 2099 illi
265 2036 404 2101 amioum
428 2057 498 2099 esse
522 2036 689 2119 coepisse’,
717 2036 783 2100 dixi
807 2036 941 2119 †meam
959 2035 1071 2100 Bibuli
1090 2035 1271 2119 fortunam,
1294 2041 1396 2118 quam
1421 2035 1476 2099 ille
1493 2059 1519 2097 ιε.

193 2142 358 2208 adflictam
381 2147 523 2226 putaret,
547 2142 692 2206 omnium
716 2142 892 2226 triumphis
916 2143 1128 2226 victoriisque
1151 2143 1321 2222 anteferre,
1344 2141 1480 2226 dixique

192 2250 305 2314 eodem
329 2252 414 2314 teste
438 2249 503 2313 alio
528 2249 599 2313 loco
625 2249 753 2314 eosdem
779 2271 858 2333 esse,
882 2250 937 2332 qui
956 2248 1112 2314 Bibulum
1136 2249 1223 2313 exire
1246 2248 1344 2313 domo
1366 2249 1480 2332 prohi-

192 2356 353 2439 buissent,
387 2361 420 2420 et
448 2356 504 2439 qui
532 2378 583 2420 me
615 2355 812 2440 coegissent:
846 2359 918 2420 tota
946 2377 1021 2419 vero
1050 2355 1264 2440 interrogatio
1274 2336 1366 2418 'mea
1393 2355 1480 2420 nihil

190 2462 307 2527 habuit
330 2461 394 2526 nisi
418 2463 660 2547 reprensionem
684 2462 772 2525 illius
793 2462 993 2545 tribunatus3
1015 2462 1050 2525 in
1074 2483 1138 2546 quo
1163 2461 1272 2526 omnia
1291 2461 1379 2526 dicta
1399 2466 1480 2526 sunt

190 2570 345 2644 libertate
368 2570 540 2654 animoque
569 2570 710 2634 maximo
735 2569 773 2633 de
798 2569 843 2653 vi,
874 2570 912 2633 de
940 2568 1110 2654 auspiciis,
1137 2569 1176 2633 de
1203 2568 1378 2633 donatione
1403 2590 1520 2656 reg-so

164 2696 326 2760 anorum,
357 2698 461 2761 neque
490 2699 566 2741 vero
595 2676 656 2741 hac
683 2677 716 2740 in
746 2697 844 2741 causa
874 2677 983 2760 modo,
1016 2676 1072 2739 sed
1100 2679 1289 2741 constanter
1316 2696 1414 2760 saepe
1446 2676 1480 2741 in

196 2788 325 2846 senatu:
345 2784 423 2866 quin
442 2784 541 2847 etiam
556 2782 747 2848 Marcellino
767 2786 801 2848 et
814 2781 968 2867 Philippo
983 2781 1170 2847 consulibus
1186 2782 1291 2848 Nonis
1305 2780 1480 2866 Aprilibus

196 2888 276 2951 mihi
301 2893 351 2952 est
380 2895 512 2953 senatus
541 2890 712 2974 adsensus,
739 2894 777 2954 ut
804 2890 842 2953 de
871 2910 950 2974 agro
975 2886 1141 2971 Campano
1169 2888 1331 2974 frequenti
1360 2894 1479 2953 senatu

194 2993 309 3058 Idibus
337 2993 434 3059 Maiis
465 2995 655 3084 referretur,
685 3019 762 3060 num
790 2996 883 3080 potui
911 2996 1017 3081 magis
1045 2995 1078 3059 in
1108 3017 1215 3061 arcem
1242 2995 1331 3060 illius
1360 3017 1481 3061 causae

194 3100 345 3166 invadere
374 3106 430 3166 aut
461 3102 565 3187 magis
595 3103 744 3167 oblivisci
768 3106 953 3186 temporum
977 3125 1136 3187 meorum,
1164 3102 1350 3167 meminisse
1373 3103 1478 3168 aetio·
1492 3127 1521 3167 ει»

195 3208 296 3272 num?
327 3208 388 3273 hac
408 3232 427 3273 a
445 3232 496 3274 me
521 3209 683 3273 sententia
705 3208 792 3274 dieta
812 3231 949 3295 magnus
969 3209 1151 3273 animorum
1171 3213 1280 3275 motus
1300 3212 1350 3273 est
1369 3209 1500 3274 factus¹

195 3337 268 3378 oum
292 3336 413 3400 eorum,
437 3339 574 3399 quorum
599 3317 754 3400 oportuit,
779 3321 848 3380 tum
868 3316 999 3381 illorum
1019 3316 1127 3398 etiam,
1151 3338 1288 3400 quorum
1307 3338 1480 3401 nunquam

163 3426 361 3504 aputaram:
401 3446 477 3487 nam
510 3424 572 3489 hoc
605 3428 737 3488 senatus
770 3423 919 3488 consulto
952 3423 986 3486 in
1019 3445 1125 3487 meam
1158 3423 1354 3487 sententiam
1387 3422 1479 3488 facto

193 3527 381 3613 Pompeius,
409 3552 482 3595 cum
510 3530 590 3595 mihi
618 3531 700 3595 nihil
730 3529 928 3594 ostendisset
950 3551 984 3593 se
1008 3551 1078 3594 esse
1108 3528 1281 3614 offensum,
1310 3530 1345 3594 in
1369 3527 1480 3594 Sardi·

191 3634 280 3698 niam
299 3639 332 3699 et
351 3637 385 3699 in
404 3635 549 3701 Africam
572 3636 738 3721 profectus
763 3641 814 3701 est
836 3658 939 3720 eoque
963 3635 1080 3700 itinere
1100 3635 1223 3701 Lucam
1242 3636 1283 3700 ad
1302 3634 1480 3701 Caesarem
1494 3660 1522 3699 so

194 3742 294 3825 venit,
323 3742 369 3806 ibi
398 3743 503 3807 multa
526 3743 563 3806 de
588 3765 660 3807 mea
688 3744 850 3808 sententia
878 3748 1012 3827 questus
1037 3747 1087 3807 est
1110 3742 1246 3828 Caesar,
1274 3742 1394 3826 quippe
1418 3741 1478 3824 qui

192 3847 289 3911 etiam
318 3847 490 3913 Ravennae
519 3847 672 3913 Crassum
701 3854 775 3914 ante
804 3850 940 3914 vidisset
969 3850 1009 3913 ab
1042 3872 1144 3932 eoque
1173 3850 1206 3913 in
1234 3871 1286 3913 me
1315 3850 1401 3912 esset
1428 3847 1481 3912 in·

192 3976 318 4037 census3
347 3978 422 4019 sane
447 3956 582 4020 moleste
606 3955 796 4039 Pompeium
820 3957 854 4020 id
876 3956 961 4021 ferre
985 3956 1174 4040 constabat,
1194 3956 1280 4039 quod
1305 3976 1378 4040 ego,
1401 3976 1479 4019 cum

286 4189 309 4236 1.
330 4182 510 4236 monimentis
529 4183 603 4250 MR,
627 4201 747 4239 monum.
769 4184 884 4256 Gleis]
908 4184 953 4238 his
973 4188 1010 4253 a,
1035 4184 1070 4238 iis
1090 4186 1167 4253 ςΙΙ3.
1188 4184 1241 4254 eis]
1260 4183 1305 4237 his
1325 4186 1363 4251 a,
1387 4182 1423 4236 iis
1442 4184 1483 4253 ςΙ,

197 4259 221 4307 4.
242 4253 416 4307 necessariae
436 4256 548 4307 etamen
568 4257 715 4321 (ettamen
731 4257 789 4323 M¹JJ
809 4273 827 4308 a
845 4272 889 4309 me
908 4255 1017 4309 minimi
1032 4256 1073 4319 M,
1092 4255 1252 4310 necessaria
1270 4257 1299 4308 et
1318 4270 1418 4308 amena
1431 4270 1481 4308 me

194 4324 303 4377 minimi
324 4326 361 4386 G,
385 4324 545 4379 necessaria
564 4330 592 4379 ct
611 4343 711 4380 amena
737 4326 851 4379 memini
870 4328 897 4380 R
912 4334 920 4394 u
935 4333 958 4381 6.
979 4329 1158 4396 expectatam
1177 4328 1240 4389 M0,
1265 4343 1334 4379 -rem
1354 4324 1474 4393 11116ΙῖΙ

197 4401 219 4448 ῖ.
241 4412 325 4462 quam
345 4397 402 4464 Μ’,
426 4413 490 4450 curn
509 4399 536 4449 s
549 4400 558 4464 Ι]
573 4402 614 4451 12.
635 4397 771 4451 sententis
791 4398 827 4449 M
837 4400 846 4464 ll
860 4397 973 4466 pristini
993 4398 1157 4466 spemebam
1177 4399 1238 4452 ΜΘ
1258 4396 1382 4466 (pristini
1401 4411 1479 4464 sper·

193 4466 342 4519 manebam
362 4468 397 4519 M
402 4472 430 4536 tl,
449 4467 577 4537 pristinis
596 4469 760 4538 spernebam
780 4469 808 4522 a
821 4472 830 4535 ΙΙ
847 4475 886 4522 15.
906 4485 998 4522 meam
1016 4472 1050 4535 n,
1069 4485 1114 4522 me
1133 4485 1196 4521 eam
1215 4469 1273 4536 Mr,
1292 4484 1337 4521 me
1356 4484 1419 4520 eam
1433 4466 1478 4523 Μ.

196 4538 289 4601 Orelli,
308 4554 352 4590 me
366 4537 402 4593 M.
419 4556 443 4605 ς,
463 4542 548 4609 terret]
565 4547 604 4594 la.
620 4540 779 4609 coegissent
792 4558 825 4592 aa
840 4539 982 4620 cogissent
997 4541 1048 4592 Μ0
1061 4544 1070 4607 u
1085 4547 1126 4594 19,
1142 4539 1387 4609 reprehensionem
1404 4537 1459 4593 GR
1470 4540 1480 4611 'l

194 4624 249 4674 quo
269 4609 307 4671 a,
331 4626 387 4675 qua
410 4612 463 4664 olii
475 4615 485 4679 Ι]
498 4618 540 4665 20.
561 4611 596 4664 ds
619 4610 648 4664 ui
673 4612 707 4664 de
727 4612 772 4672 M,
797 4610 831 4663 de
855 4614 914 4663 uite
935 4612 989 4665 GR
1002 4614 1012 4680 ll
1025 4617 1068 4665 ⁴21.
1089 4611 1142 4665 hae
1162 4613 1225 4679 ΜΟ,
1249 4610 1319 4664 haee
1342 4609 1400 4677 Μ’,
1424 4608 1480 4662 beo

194 4682 235 4745 (nl
263 4680 359 4746 soleat)
390 4682 443 4735 GR
461 4686 470 4751 ΙΙ
488 4688 530 4737 25.
559 4682 688 4735 inuasere
716 4683 777 4736 MR
805 4680 950 4748 (inuadere
977 4682 1049 4749 ΜΓ),
1077 4683 1197 4736 suadere
1223 4681 1250 4735 G
1267 4686 1277 4750 l
1295 4687 1337 4736 26.
1362 4680 1416 4733 hac
1443 4698 1481 4734 rx

1025 4738 1032 4751 l

194 4748 264 4801 haec
283 4749 333 4872 31⁰
347 4752 412 4872 ΙΙΛΞῖ.
432 4755 561 4820 putaram
582 4754 643 4820 Itis,
666 4755 794 4821 putarem
813 4755 839 4805 a
853 4756 863 4820 n
877 4752 1004 4806 consulto
1024 4770 1058 4806 er.
1081 4756 1141 4806 -tus
1161 4754 1210 4807 Mr
1223 4758 1232 4824 ΙΙ
1246 4760 1288 4808 31.
1309 4754 1424 4820 questus
1443 4769 1481 4805 eze

194 4836 281 4888 quaes
296 4837 328 4871 us
