3314 5460
206 373 271 438 372
658 374 695 428 Μ.
714 375 819 428 TVLLI
839 373 1028 429 CICERONIS

205 558 294 619 nem,
322 558 395 601 cum
419 535 531 600 multis
560 537 748 620 petentibus
775 538 1000 622 denegassem,
1030 539 1100 600 tum
1124 558 1215 622 vero,
1240 542 1359 621 postea
1387 558 1487 622 quam

206 664 332 708 mecum
355 642 390 706 in
413 642 499 707 bello
524 646 621 727 atque
644 643 678 707 in
706 666 741 707 re
766 642 902 708 militari
929 642 1007 729 fuit,
1034 647 1161 708 tantam
1188 643 1224 707 in
1251 666 1289 710 eo
1317 644 1488 728 virtutem,

202 749 421 833 prudentiam,
451 748 549 813 fidem
577 752 767 833 tantamque
797 770 875 834 erga
904 772 955 814 me
983 749 1236 814 benivolentiam
1265 750 1421 836 cognovi,
1449 755 1487 814 ut

201 853 366 919 hominem
389 855 552 920 neminem
575 855 678 938 pluris
702 854 828 919 faciam.
871 877 944 919 eum
969 877 1042 920 cum
1067 854 1232 921 Sardianis
1260 856 1383 922 hahere
1413 878 1487 922 con·

202 962 394 1027 troversiam
418 961 495 1027 scis:
528 982 660 1026 causam
689 960 752 1026 tibi
779 962 987 1046 exposuimus
1015 961 1152 1046 Ephesi,
1183 985 1279 1047 quam
1307 969 1346 1028 tu
1372 967 1487 1028 tamen
1514 985 1526 1023 s

166 1083 312 1134 aceram
344 1068 472 1134 facilius
504 1068 685 1153 meliusque
719 1089 905 1154 cognosces.
950 1069 989 1132 de
1018 1069 1157 1154 reliquo,
1190 1070 1271 1135 mihi
1299 1069 1487 1161 mehercule

201 1175 257 1240 diu
280 1175 415 1239 dubium
439 1174 511 1258 fuit,
535 1174 612 1259 quid
636 1174 676 1239 ad
700 1178 732 1238 te
755 1173 964 1257 potissimum
984 1175 1174 1261 scriberem3
1196 1176 1248 1240 ius
1267 1176 1354 1240 euim
1375 1197 1488 1260 quem·

201 1281 375 1346 admodum
399 1282 498 1365 dicas,
521 1282 645 1346 clarum
669 1284 702 1346 et
727 1301 845 1366 magna
869 1303 942 1346 cum
965 1285 1023 1345 tua
1047 1281 1142 1346 laude
1164 1286 1280 1347 notum
1304 1285 1364 1364 est,
1388 1283 1486 1348 nobis

201 1392 310 1453 autem
333 1389 368 1452 in
390 1388 452 1452 hac
474 1410 571 1454 causa
593 1388 676 1451 nihil
705 1387 792 1452 aliud
822 1409 902 1472 opus
931 1391 982 1453 est
1009 1388 1072 1452 nisi
1102 1393 1134 1453 te
1162 1388 1215 1454 ius
1242 1389 1399 1454 instituto
1430 1393 1487 1452 tuo

203 1494 322 1579 dicere,
354 1494 409 1559 sed
442 1499 567 1577 tamen,
599 1516 672 1559 cum
702 1514 754 1557 me
785 1515 851 1557 non
883 1492 1001 1577 fugiat,
1035 1497 1157 1579 quanta
1189 1494 1233 1558 sit
1266 1495 1300 1558 in
1332 1499 1486 1578 praetore
1503 1519 1527 1556 ιο

204 1601 400 1686 auctoritas,
422 1601 615 1686 praesertim
637 1601 704 1664 ista
725 1599 930 1684 integritate,
952 1600 1127 1685 gravitate,
1151 1601 1338 1686 clementia,
1361 1624 1429 1685 qua
1452 1606 1486 1666 te

204 1728 274 1770 esse
307 1706 395 1771 inter
427 1709 532 1772 omnis
561 1710 703 1790 constat,
735 1710 812 1791 peto
841 1728 899 1789 aps
927 1709 959 1770 te
987 1728 1047 1790 pro
1074 1711 1188 1771 nostra
1216 1707 1486 1773 coniunctissima

203 1813 438 1878 necessitudine
466 1813 679 1898 plurimisque
708 1812 825 1878 officiis
853 1814 986 1897 paribus
1010 1835 1048 1878 ac
1071 1813 1207 1896 mutuis,
1237 1817 1274 1878 ut
1303 1815 1486 1896 voluntate,

203 1919 408 2003 auctoritate,
432 1919 539 1984 studio
563 1924 621 1984 tuo
644 1919 803 2003 perficias,
826 1923 864 1983 ut
887 1917 929 1983 M.
949 1919 1095 1985 Anneius
1118 1919 1291 2006 intellegat
1313 1925 1345 1986 te
1367 1925 1402 1986 et
1420 1921 1484 1987 sibi

202 2027 343 2091 amicum
363 2048 443 2110 esse,
461 2027 548 2111 quod
564 2048 630 2092 non
644 2025 774 2090 dubitat
790 2063 829 2071 —
846 2048 942 2111 saepe
962 2027 1049 2091 enim
1067 2048 1194 2092 mecum
1212 2027 1344 2094 locutus
1365 2033 1417 2094 est
1430 2066 1484 2113 —,
1498 2049 1522 2087 ιε

202 2138 235 2198 et
254 2135 357 2198 multo
373 2133 560 2223 amiciorem
574 2133 626 2198 his
642 2134 722 2198 meis
739 2131 860 2198 litteris
879 2154 950 2197 esse
969 2132 1102 2198 factum.
1134 2133 1169 2197 in
1183 2138 1241 2198 tuo
1255 2139 1329 2199 toto
1342 2134 1483 2220 imperio

202 2244 300 2324 etque
319 2239 486 2325 provincia
503 2240 585 2339 nihil
605 2244 665 2323 est,
683 2240 768 2323 quod
788 2239 868 2303 mihi
887 2239 1013 2324 gratius
1032 2239 1138 2305 facere
1151 2241 1272 2326 possis3
1290 2263 1378 2325 nam,
1398 2242 1482 2325 apud

202 2347 322 2432 ipsum,
355 2347 581 2432 gratissimum
609 2347 773 2410 hominem
802 2350 899 2430 atque
928 2347 1088 2429 optimum
1116 2347 1234 2431 virum,
1267 2369 1368 2432 quam
1401 2347 1482 2412 bene

201 2454 368 2537 positurus
388 2454 432 2518 sis
452 2453 596 2518 studium
614 2457 708 2517 tuum
727 2456 824 2536 atque
843 2452 996 2535 officium,
1015 2452 1164 2518 dubitare
1183 2458 1216 2518 te
1234 2474 1302 2518 non
1320 2453 1481 2519 existimo.

728 2683 811 2749 LVI.
846 2681 949 2770 (107.)
1493 2705 1517 2744 so

539 2841 698 2910 CICERO
721 2842 907 2908 THERMO
930 2841 1085 2908 PROPR.
1110 2840 1139 2907 S.

168 3022 182 3070 1
292 3000 424 3067 Cluvius
443 3002 642 3069 Puteolanus
665 3004 758 3068 valde
782 3026 833 3068 me
858 3007 1011 3087 opservat
1032 3002 1188 3088 valdeque
1211 3008 1262 3069 est
1284 3005 1369 3070 mihi
1390 3005 1479 3070 fami·

203 3109 305 3172 liaris:
330 3109 359 3174 is
382 3108 430 3174 ita
453 3110 516 3175 sibi
539 3111 726 3196 persuadet,
757 3111 843 3194 quod
866 3111 900 3174 in
922 3115 980 3174 tua
1002 3109 1170 3193 provincia
1196 3110 1324 3196 negotii
1352 3110 1479 3194 habeat,

201 3214 265 3278 nisi
289 3219 322 3279 te
345 3217 546 3299 provinciam
570 3218 736 3300 optinente
765 3217 845 3282 meis
869 3216 1202 3281 commendationibus
1227 3216 1419 3301 confecerit,
1448 3217 1479 3280 id

203 3342 236 3384 se
255 3320 290 3384 in
309 3321 445 3405 perditis
464 3326 498 3386 et
516 3323 696 3407 desperatis
714 3323 917 3407 habiturum,
934 3344 1029 3406 nunc,
1049 3323 1202 3406 quoniam
1222 3321 1303 3387 mihi
1317 3324 1361 3388 ab
1377 3326 1479 3388 amico
1493 3342 1533 3382 25

202 3427 442 3493 officiosissimo
466 3433 594 3493 tantum
619 3430 726 3494 oneris
754 3430 947 3514 imponitur,
978 3449 1039 3513 ego
1068 3450 1195 3513 quoque
1223 3429 1286 3494 tibi
1313 3430 1479 3514 imponam

200 3557 260 3620 pro
283 3535 350 3599 tuis
374 3535 408 3598 in
431 3557 482 3599 me
508 3535 642 3599 summis
667 3536 796 3620 officiis,
819 3537 868 3600 ita
891 3540 1015 3617 tamen,
1044 3539 1082 3599 ut
1106 3535 1168 3600 tibi
1190 3535 1294 3601 nolim
1323 3536 1480 3601 molestus

202 3663 280 3705 esse.
322 3640 458 3725 Mylasis
482 3647 515 3706 et
538 3642 717 3706 Alabandis
744 3643 915 3727 pecuniam
938 3640 1052 3707 Cluvio
1081 3642 1212 3706 debent:
1242 3641 1373 3707 dixerat
1401 3641 1480 3706 mihi

201 3746 436 3833 Euthydemus,
460 3771 533 3813 eum
556 3748 680 3833 Ephesi
704 3746 879 3833 essem,'se
904 3752 1108 3832 curaturum,
1131 3752 1169 3812 ut
1192 3748 1293 3813 ecdici
1317 3748 1479 3834 †Mylasii

201 3852 340 3918 Romam
363 3853 585 3939 mitterentur3
608 3855 639 3918 id
663 3855 787 3920 factum
810 3860 961 3919 nonest:
985 3854 1112 3940 legatos
1136 3854 1232 3919 audio
1256 3855 1379 3920 missos
1403 3875 1511 3938 esse,u

202 3961 257 4023 sed
282 3960 367 4024 malo
391 3962 533 4046 ecdicos,
555 3966 592 4025 ut
615 3961 738 4045 aliquid
762 3961 876 4025 confici
899 3961 1017 4044 possit3
1046 3982 1144 4044 quare
1169 3964 1245 4045 peto
1269 3966 1361 4046 ate,
1388 3965 1425 4026 ut
1448 3964 1481 4026 et

289 4176 313 4224 2.
335 4176 358 4223 3.
378 4169 512 4223 uirtutem
534 4169 710 4241 prudentiam
728 4170 811 4223 fidem
831 4171 872 4237 Μ,
893 4169 975 4223 fidem
994 4167 1058 4223 uirt.
1078 4169 1158 4239 prud.
1179 4170 1240 4224 HD
1261 4173 1272 4240 Ι
1295 4176 1338 4226 13.
1359 4173 1479 4226 necessi·

201 4239 299 4294 tudine
318 4241 359 4309 M,
378 4240 546 4294 necessitate
566 4241 627 4294 HD
639 4244 649 4310 l}
663 4240 885 4310 plurissimisque
904 4241 968 4294 MD
981 4243 990 4309 ΙΙ
1005 4247 1046 4294 14.
1061 4258 1096 4294 m.
1111 4241 1257 4295 manneiue
1272 4242 1349 4310 ΜΗ,
1368 4261 1405 4297 m.
1423 4261 1481 4298 ma·

201 4311 299 4365 nucius
322 4312 352 4365 D
378 4315 387 4380 l
416 4317 456 4366 15.
480 4328 590 4365 mecum
613 4314 661 4380 M,
689 4329 739 4366 one.
764 4312 824 4366 HD
850 4315 860 4380 ll
888 4316 929 4365 17.
953 4328 1018 4364 nam
1039 4311 1067 4365 0.
1083 4311 1120 4366 F.
1136 4312 1313 4381 warner,
1341 4313 1401 4367 iam
1428 4318 1457 4368 Ψ
1473 4317 1483 4415 ⁴,

202 4388 243 4436 2⁶2.
261 4382 399 4451 slcluuius
420 4390 433 4435 1
450 4384 501 4437 tiu.
517 4401 594 4450 eras,
608 4383 646 4436 Μ
660 4382 779 4451 (cluuius
793 4385 920 4437 sineres.
935 4382 982 4452 P),
1002 4379 1030 4437 C.
1047 4381 1143 4436 Cluius
1158 4386 1202 4452 (ac
1216 4382 1335 4437 Cluiuue
1348 4403 1382 4438 m.
1396 4388 1423 4453 1)
1435 4386 1482 4453 D}-

201 4453 271 4505 mihi
290 4456 334 4506 cst
352 4455 386 4507 H
409 4456 419 4519 ΙΙ
446 4453 592 4507 saisita
611 4454 686 4521 HD,
705 4453 729 4507 is
748 4457 779 4506 ta
798 4455 835 4507 Μ
858 4456 867 4521 ll
895 4459 936 4507 27.
956 4451 1055 4507 officiis
1075 4453 1121 4507 uel
1139 4453 1282 4508 beneficiis
1301 4454 1346 4508 ita
1365 4456 1400 4509 H
1411 4459 1481 4524 lno-

201 4522 256 4576 lem
275 4525 312 4578 Μ
322 4527 331 4593 l}
346 4529 387 4577 28.
408 4524 524 4592 Mylasis
543 4526 573 4577 et
591 4524 759 4593 Alabandis]
779 4530 813 4588 cf.
829 4526 991 4578 Lachmann
1009 4525 1143 4579 ‹1de.
1159 4525 1193 4593 Il,
1208 4530 1250 4579 85.
1277 4527 1375 4580 malim
1393 4534 1483 4582 tamea

201 4612 261 4647 cum
283 4596 382 4649 Orellio
402 4599 544 4658 Μυλασεῑς
563 4598 591 4650 et
607 4593 780 4667 Ἀλαβανδεῑς
794 4598 803 4665 ΙΙ
817 4601 858 4649 29.
878 4594 979 4665 ecdici]
999 4597 1034 4660 cs.
1054 4596 1118 4650 tall.
1137 4597 1170 4650 de
1188 4613 1256 4651 corr.
1270 4597 1333 4652 bell.
1349 4596 1382 4651 V.
1405 4604 1481 4654 1881.

197 4682 227 4731 p.
244 4670 294 4718 103
304 4683 340 4735 sq.
355 4669 364 4732 l
379 4665 504 4737 Mylasii]
523 4666 621 4735 mylas.
637 4667 658 4719 ii
676 4670 742 4789 (Ιηοπ
757 4671 785 4735 ιι)
800 4667 842 4732 Μ,
861 4682 879 4719 a
893 4665 1039 4734 mylasiuis
1054 4666 1122 4722 HD.
1153 4668 1220 4737 qaid
1235 4666 1330 4722 Cicero
1343 4672 1483 4739 scripserit

201 4735 315 4789 dubiam
334 4737 380 4804 (cf.
400 4737 486 4792 Hertz
504 4739 542 4791 ad
563 4739 630 4792 Geli.
650 4745 668 4792 t.
710 4756 740 4807 p.
756 4740 813 4806 80):
829 4739 922 4805 potuit
940 4739 1022 4791 etiarn
1040 4739 1187 4806 simplicem
1205 4738 1359 4795 ablativum
1371 4757 1485 4810 ponae,

201 4805 221 4858 i.
235 4821 257 4857 e.
278 4805 393 4872 Mylasis
407 4808 416 4875 ss
431 4811 472 4860 30.
492 4807 591 4862 missos
610 4807 695 4861 audio
715 4824 775 4861 esse
796 4807 904 4875 Η1131.
924 4823 942 4861 a
960 4809 988 4861 te
1007 4809 1073 4877 peto
1093 4808 1128 4862 H
