3314 5460
493 360 749 417 EPISTVLARVM
769 359 840 413 xnl.
862 363 902 412 11.
925 363 965 412 ra.
986 363 1027 412 19.
1337 351 1401 417 353

119 530 185 595 tibi
206 528 332 617 gratias
352 549 458 616 agere,
480 549 566 592 nunc
584 527 680 613 plane
699 546 761 610 ago
780 529 876 609 teque
895 524 944 587 ita
963 520 1149 587 existimare
1168 520 1253 604 volo,
1272 519 1403 604 quibus·

119 660 260 723 cumque
284 635 401 702 officiis
425 636 460 700 in
477 633 657 719 Epiroticis
676 632 874 717 reliquisque
894 630 990 695 rebus
1010 628 1160 695 Atticum
1179 627 1403 714 opstrinxeris,

120 746 246 811 eisdem
268 767 320 810 me
343 743 406 809 tibi
430 740 613 827 obligatum
637 740 716 806 fore.

647 972 734 1038 xlx.
774 969 880 1060 (aas.)

92 1175 106 1214 ⁵
564 1131 724 1199 crosso
750 1131 912 1198 saevio
937 1130 969 1196 s

215 1297 297 1365 (lum
321 1296 450 1382 Lysone
470 1295 620 1360 Patrensi
645 1299 695 1358 est
719 1293 799 1358 mihi
823 1293 952 1379 quidem
974 1291 1154 1377 hospitium
1180 1296 1281 1377 vetus,
1306 1295 1437 1376 quam1

123 1427 188 1492 ego
213 1404 486 1471 necessitudinem
509 1406 620 1467 sancte
645 1399 813 1465 colendam
836 1404 931 1484 puto3
955 1400 1009 1464 sed
1035 1422 1072 1463 ea
1096 1421 1194 1464 causa
1213 1398 1311 1463 etiam
1332 1421 1405 1464 cum

122 1512 200 1581 aliis
223 1511 460 1595 compluribus,
484 1508 691 1573 familiaritas
716 1512 810 1571 tanta
832 1507 922 1571 nullo
947 1529 1020 1570 cum
1043 1505 1187 1590 hospite,
1215 1510 1248 1570 ct
1272 1528 1310 1571 ea
1333 1529 1406 1572 curu

122 1619 244 1684 officiis
267 1618 337 1682 eius
361 1617 483 1699 multis,
506 1621 577 1680 tum
601 1613 701 1679 etiam
725 1613 955 1679 consuetudine
979 1613 1143 1679 cotidiana
1167 1613 1214 1678 sic
1233 1619 1284 1678 est
1302 1618 1407 1696 aucta,

79 1768 105 1805 10
120 1731 164 1790 ut
185 1725 270 1790 nihil
292 1725 338 1789 sit
360 1722 584 1789 familiaritate
608 1725 722 1786 nostra
744 1719 960 1785 coniunctius.
1000 1721 1029 1785 is
1051 1742 1124 1786 cum
1144 1720 1268 1785 Romae
1287 1743 1407 1786 annum

120 1854 226 1918 prope
250 1833 297 1896 ita
320 1830 450 1916 fuisset,
477 1833 515 1894 ut
538 1851 665 1894 mecum
688 1828 824 1912 viveret,
855 1827 919 1892 etsi
942 1850 1070 1892 eramus
1094 1828 1128 1891 in
1152 1850 1271 1914 magna
1294 1851 1351 1913 spe
1376 1834 1407 1893 te

121 1939 207 2005 meis
230 1939 351 2004 litteris
376 1936 721 2020 commendationeque
745 1935 995 2020 diligentissime
1021 1934 1184 2000 facturum
1206 1935 1297 1999 —id
1322 1936 1407 2021 quod

120 2046 234 2112 fecisti
251 2083 309 2130 -,
332 2049 369 2110 ut
392 2045 462 2111 eius
485 2067 554 2109 rem
574 2048 607 2108 et
626 2042 776 2108 fortunas
796 2042 942 2127 apsentis
963 2047 1102 2127 tuerere,
1125 2047 1244 2127 tamen,
1267 2043 1355 2127 quod
1373 2044 1407 2108 in

122 2154 222 2218 unius
244 2156 408 2237 potestate
432 2156 526 2215 erant
549 2149 658 2215 omnia
689 2152 722 2212 et
746 2149 832 2233 quod
855 2146 943 2232 Lyso
971 2148 1079 2213 fuerat
1105 2148 1141 2212 in
1168 2152 1283 2214 nostra
1311 2171 1408 2215 causa

77 2305 106 2344 ,5
121 2259 311 2343 nostrisque
334 2257 515 2343 praesidiis,
538 2256 656 2321 cotidie
681 2255 804 2339 aliquid
824 2255 1035 2341 timebamus;
1058 2256 1209 2321 effectum
1228 2261 1338 2321 tamen
1357 2262 1408 2321 est

121 2371 160 2431 et
186 2364 288 2449 ipsius
317 2365 487 2449 splendore
516 2368 549 2428 et
576 2367 692 2427 nostro
725 2363 988 2447 reliquorumque
1016 2362 1185 2447 hospitum
1218 2365 1339 2447 studio,
1372 2370 1409 2429 ut

122 2473 244 2555 omnia,
266 2493 348 2555 quae
372 2471 545 2555 vellemus,
568 2493 587 2534 a
611 2468 748 2534 Caesare
772 2470 1041 2554 impetrarentur,
1065 2471 1151 2554 quod
1175 2470 1345 2557 intelleges
1369 2495 1409 2537 ex

121 2579 174 2645 eis
196 2578 331 2661 litteris,
355 2600 436 2663 quas
460 2573 580 2642 Caesar
602 2576 641 2640 ad
667 2582 699 2640 te
723 2575 820 2640 dedit.
862 2599 948 2642 nunc
971 2599 1037 2642 non
1060 2577 1156 2641 modo
1179 2599 1246 2642 non
1268 2579 1443 2643 remitti-a

121 2708 197 2750 mus
221 2684 282 2749 tibi
307 2682 428 2767 aliquid
453 2707 492 2749 ex
515 2688 628 2748 nostra
649 2683 940 2767 commendatione,
964 2685 1057 2768 quasi
1077 2684 1186 2768 adepti
1206 2685 1272 2750 iam
1291 2687 1409 2770 omnia,

78 2842 108 2880 ,0
123 2793 184 2857 sed
207 2814 244 2856 eo
268 2789 491 2855 vehementius
512 2813 531 2854 a
549 2795 582 2854 te
607 2790 842 2871 contendimus,
865 2796 903 2855 ut
921 2789 1085 2874 Lysonem
1105 2791 1139 2855 in
1157 2792 1254 2856 fidem
1273 2795 1410 2858 necessi-

122 2898 336 2982 tudinemque
360 2901 451 2961 tuam
475 2896 626 2980 recipias:
651 2897 742 2961 cuius
766 2896 864 2962 dubia
888 2897 1022 2962 fortuna
1045 2898 1191 2963 timidius
1211 2905 1318 2965 tecum
1338 2922 1410 2987 age-

122 3007 251 3089 bamus,
272 3008 419 3069 verentes
438 3026 479 3068 ne
499 3003 576 3087 quid
596 3002 758 3068 accideret
778 3003 947 3087 eiusmodi,
966 3008 1003 3068 ut
1022 3026 1062 3068 ne
1082 3009 1119 3069 tu
1139 3005 1270 3089 quidem
1288 3008 1410 3072 mederi

123 3134 253 3198 posses3
277 3110 448 3196 explorata
470 3132 547 3175 vero
571 3110 641 3174 eius
661 3110 886 3175 incolumitate
906 3111 1015 3176 omnia
1035 3117 1105 3177 ate
1125 3113 1264 3195 †studia
1283 3136 1410 3180 summo

125 3242 206 3286 cura
223 3223 311 3304 peto.
347 3239 430 3302 quae
448 3239 489 3282 ne
506 3216 637 3302 singula
652 3239 846 3302 enumerem,
865 3222 970 3283 totam
986 3218 1048 3284 tibi
1063 3219 1196 3284 domum
1211 3223 1411 3306 commendo,

81 3376 109 3416 ,5
123 3328 163 3392 in
184 3326 236 3391 his
261 3324 501 3390 adulescentem
524 3322 629 3387 filium
653 3323 738 3407 eius,
762 3346 858 3408 quem
882 3324 915 3390 Ο.
935 3323 1082 3390 Maenius
1108 3325 1287 3412 Gemellus,
1311 3328 1411 3394 cliens

124 3453 236 3516 meus,
268 3454 342 3497 cum
373 3431 409 3496 in
440 3430 628 3496 calamitate
662 3430 751 3495 exilii
785 3432 834 3496 sui
862 3431 1030 3497 Patrensis
1064 3434 1144 3499 civis
1176 3435 1283 3501 factus
1316 3441 1411 3520 esset,

126 3539 336 3605 Patrensium
358 3537 488 3624 legibus
513 3537 691 3622 adoptavit,
715 3542 751 3602 ut
775 3538 844 3603 eius
863 3538 966 3624 ipsius
986 3540 1177 3607 hereditatis
1196 3544 1247 3608 ius
1267 3566 1412 3608 causam·

125 3669 191 3732 que
210 3653 332 3712 tueare.
374 3649 472 3729 caput
491 3644 572 3708 illud
592 3648 652 3728 est,
675 3649 713 3710 ut
730 3643 903 3730 Lysonem,
927 3669 1024 3731 quem
1043 3670 1104 3733 ego
1124 3649 1230 3714 virum
1249 3650 1411 3735 optimum
1430 3670 1446 3717 a

125 3753 419 3840 gratissimumque
444 3751 597 3837 cognovi,
624 3751 762 3836 recipias
786 3752 821 3816 in
843 3755 1114 3819 necessitudinem
1138 3760 1243 3842 tuam3
1274 3758 1360 3842 quod
1384 3759 1412 3823 si

83 3913 112 3952 ω
126 3860 256 3944 feceris,
278 3881 344 3924 non
367 3858 492 3943 dubito,
516 3857 595 3942 quin
618 3856 651 3922 in
676 3880 713 3922 eo
735 3857 900 3944 diligendo
920 3862 1100 3947 ceterisque
1119 3868 1235 3948 postea
1253 3886 1414 3930 commen·

220 4058 244 4107 3.
265 4051 384 4123 eisdem]
403 4051 505 4105 iisdem
520 4050 561 4118 M,
580 4049 690 4105 hisdem
705 4052 765 4106 HD
779 4055 788 4121 ΙΙ
802 4057 826 4105 6.
845 4055 970 4122 petrensi
989 4059 1033 4110 est
1048 4056 1116 4125 HD,
1135 4059 1245 4126 patrem
1261 4057 1284 4111 si
1299 4061 1343 4112 est
1357 4058 1394 4112 M

129 4129 156 4179 7.
176 4140 263 4178 causa
277 4122 363 4197 (est)
374 4122 465 4205 etiam
478 4124 531 4177 alii
545 4124 553 4192 11
568 4128 592 4177 8.
608 4121 819 4194 familiaritasll,
841 4133 854 4177 l
871 4127 922 4181 litt.
938 4145 985 4195 er,
1000 4147 1021 4196 s,
1035 4136 1067 4183 at
1080 4131 1146 4197 vid,
1160 4147 1228 4184 corr.
1244 4149 1262 4184 α
1275 4149 1309 4185 m.
1324 4137 1346 4198 1,
1361 4131 1398 4184 M
1405 4125 1414 4193 ,l

128 4201 175 4249 12.
194 4195 436 4250 commendatione
446 4195 480 4248 H
489 4197 499 4264 ΙΙ
514 4198 555 4249 13.
571 4194 696 4265 apsentis
706 4195 747 4263 M,
763 4197 920 4264 praesentis
936 4199 1055 4267 (psentia
1065 4201 1112 4267 H)
1127 4201 1189 4255 HD
1202 4205 1211 4271 ΙΙ
1224 4205 1333 4255 tuerere
1345 4201 1413 4262 HD,

126 4282 227 4321 ucrere
237 4266 276 4320 M
283 4269 293 4335 ΙΙ
308 4271 350 4320 16.
361 4271 402 4320 16,
419 4268 462 4320 est
476 4266 555 4333 etM,
571 4268 615 4319 est
624 4265 661 4334 D,
677 4267 748 4320 etH
760 4270 769 4335 l!
785 4272 825 4321 16.
845 4267 1071 4340 reliquorumque
1088 4272 1130 4339 M,
1149 4272 1321 4341 reliquorum
1331 4273 1391 4327 HD
1412 4281 1413 4284 ’

129 4337 246 4420 lacis]
266 4337 310 4391 his
327 4340 364 4405 Ψ,
383 4336 418 4390 116
433 4353 449 4394 ς
463 4340 472 4405 ΙΙ
487 4341 528 4390 21,
544 4343 586 4390 22.
607 4336 773 4391 fortunatinr
787 4337 817 4389 id
832 4337 906 4393 iuste
921 4358 984 4395 cum
1000 4343 1153 4413 agebamus
1168 4345 1209 4413 M,
1229 4344 1415 4398 fortunatum

129 4409 164 4463 id
180 4412 254 4462 ruste
273 4425 337 4491 cum
356 4408 509 4479 agebamus
529 4409 646 4478 (agebas
661 4409 708 4478 H)
728 4409 789 4462 HD
802 4412 811 4477 ll
826 4416 867 4464 ⁶22.
883 4413 952 4480 quid
956 4413 993 4486 χχχ,
1013 4432 1067 4469 ras,
1083 4421 1098 4467 2
1115 4417 1165 4469 ztir,
1182 4417 1212 4468 m
1225 4418 1279 4483 fine
1292 4433 1340 4482 aas„
1359 4416 1396 4467 M
1406 4416 1416 4485 ql

129 4485 175 4534 23.
195 4485 238 4535 24.
257 4480 354 4534 studia
372 4497 480 4534 summo
499 4496 566 4533 cura
580 4481 622 4547 M,
642 4497 749 4534 summo
770 4480 864 4535 studio
883 4487 913 4537 et
931 4502 998 4539 cura
1013 4486 1080 4540 HD.
1114 4486 1210 4540 studia
1223 4504 1333 4540 summa
1347 4502 1415 4540 cura

129 4553 174 4608 cel
193 4551 286 4606 studio
306 4569 414 4606 summo
434 4567 554 4620 curaque
574 4554 615 4606 cel
633 4569 740 4605 summo
761 4552 854 4605 studio
874 4572 1039 4625 summaque
1059 4573 1125 4610 cura
1140 4575 1164 4625 ς,
1184 4575 1292 4612 summo
1311 4557 1414 4624 studio,

129 4640 242 4678 summa
260 4640 330 4678 cura
347 4624 388 4680 cel
407 4642 428 4678 s.
448 4626 482 4679 st.
503 4625 532 4677 et
551 4640 571 4678 s.
591 4639 613 4677 c.
638 4623 805 4695 Wesenberp¹
839 4629 989 4684 retuadatio
1007 4631 1124 4684 incerta:
1143 4631 1207 4696 fort.
1226 4632 1315 4685 subeat
1332 4647 1415 4711 uspu-

129 4697 214 4751 deton
241 4696 383 4778 tiraemtre
410 4697 480 4776 eine·
494 4696 598 4761 [manae
625 4713 694 4765 qaae
720 4702 796 4751 estut
818 4696 894 4768 XIII,
915 4706 961 4766 11,
981 4704 1010 4756 ὃς
1038 4702 1087 4754 ho
1116 4701 1209 4755 studio
1239 4701 1390 4772 diligent1a
1408 4702 1417 4772 ἓξ

129 4771 176 4822 26.
195 4783 322 4821 maenius
342 4767 380 4821 M
407 4782 517 4821 memus
537 4765 610 4834 HD,
633 4766 781 4820 memmius
801 4783 817 4826 ς
840 4772 849 4840 ΙΙ
872 4776 914 4827 28.
934 4771 1039 4845 estut]
1059 4774 1150 4827 estet
1173 4776 1202 4826 Ψ
1222 4776 1231 4842 ΙΙ
1254 4779 1296 4830 30.
1316 4768 1416 4829 feceris

133 4838 209 4908 MD,
228 4837 332 4909 legeris
352 4810 389 4893 H⁷
401 4838 459 4909 (1)Ι
478 4840 509 4893 ia
526 4855 593 4909 mp:
612 4838 648 4892 al.
668 4837 782 4911 legeris)

190 4939 237 4986 cic.
252 4950 287 4991 op.
302 4939 337 4982 od.
351 4938 562 4981 Mendelssohn.
1170 4942 1203 4989 :23
