3286 5460
636 390 893 448 EPISTVLARVM
911 391 957 448 Xl.
976 397 1019 447 28.
1403 390 1470 457 303

187 559 273 641 tant,
306 555 488 621 ‘libertatis
522 554 698 639 auctores',
729 560 819 620 metu
852 555 948 621 nobis
982 559 1174 641 extorquere
1207 559 1380 639 conantur3
1413 556 1470 620 sed

186 663 270 728 nihil
294 666 410 750 agunt:
437 661 558 727 nullius
582 684 736 747 umquam
766 663 902 747 periculi
925 663 1105 729 terroribus
1133 663 1175 728 ab
1204 663 1312 729 officio
1342 666 1398 728 aut
1427 663 1504 728 ab4

186 770 392 835 humanitate
422 770 616 854 desciscam3
646 792 826 853 numquam
858 770 945 835 enim
971 770 1145 836 honestam
1173 774 1312 835 mortem
1342 769 1468 856 fugien-

187 876 275 962 dam,
299 899 395 961 saepe
423 876 523 941 etiam
553 877 768 961 oppetendam
797 877 919 961 putavi.
965 877 1021 941 sed
1050 876 1127 962 quid
1155 877 1237 941 mihi
1269 881 1468 961 suscensent,

161 983 214 1047 asi
239 984 272 1047 id
296 987 384 1068 opto,
403 989 440 1048 ut
462 984 629 1068 paeniteat
652 1005 707 1048 eos
731 984 782 1047 sui
801 983 905 1048 facti?
938 983 1033 1068 cupio
1054 984 1141 1049 enim
1160 983 1308 1050 Caesaris
1328 987 1468 1048 mortem

187 1090 339 1156 omnibus
368 1113 438 1156 esse
466 1092 625 1156 acerbam.
672 1088 718 1155 ‘at
750 1091 852 1156 debeo
884 1111 944 1175 pro
978 1090 1067 1155 civili
1099 1095 1192 1175 parte
1224 1113 1293 1156 rem
1326 1114 1356 1175 p.
1384 1089 1467 1154 velle

186 1195 333 1261 salvam?
378 1198 412 1261 id
439 1197 571 1282 quidem
599 1220 650 1262 me
679 1219 810 1281 cupere,
836 1197 902 1262 nisi
930 1200 963 1262 et
991 1201 1067 1262 ante
1096 1201 1170 1263 acta
1193 1197 1263 1262 vita
1285 1202 1318 1261 et
1342 1196 1469 1280 reliqua

186 1326 260 1367 mea
282 1326 357 1388 spes
385 1309 515 1370 tacente
538 1327 590 1369 me
613 1306 746 1388 probat,
769 1304 905 1369 dicendo
928 1302 1057 1369 vincere
1084 1327 1151 1370 non
1179 1304 1322 1389 postulo.
1368 1325 1502 1388 quares

185 1410 344 1476 maiorem
367 1412 400 1476 in
424 1412 557 1477 modum
582 1414 614 1475 te
638 1432 730 1497 rogo,
749 1416 786 1475 ut
806 1433 874 1476 rem
896 1411 1060 1495 potiorem
1084 1412 1232 1477 oratione
1256 1412 1355 1475 ducas
1375 1410 1469 1474 mihi-

147 1540 172 1576 ιο
185 1539 258 1603 que,
281 1519 309 1582 si
334 1519 436 1583 sentis
460 1517 610 1603 expedire
634 1522 722 1584 recte
741 1518 822 1604 fieri,
839 1519 951 1583 credas
969 1519 1095 1584 nullam
1114 1518 1375 1584 communionem
1394 1539 1468 1582 cum

185 1625 345 1709 improbis
378 1648 449 1691 esse
481 1648 587 1710 posse.
633 1648 688 1711 an,
720 1625 806 1709 quod
836 1625 1028 1690 adulescens
1060 1626 1224 1712 praestiti,
1257 1648 1331 1691 cum
1367 1625 1468 1690 etiam

185 1753 293 1799 errare
317 1756 391 1798 cum
415 1734 622 1799 excusatione
655 1755 800 1817 possem,
828 1733 861 1796 id
888 1755 974 1798 nunc
1002 1737 1110 1798 aetate
1137 1732 1355 1817 praecipitata
1383 1753 1468 1797 com·

185 1844 310 1905 mutem
333 1863 371 1907 ac
394 1863 445 1905 me
472 1842 544 1926 ipse
571 1840 739 1905 retexam?
785 1862 851 1904 non
879 1839 997 1905 faciam
1024 1862 1143 1925 neque,
1171 1839 1258 1925 quod
1286 1839 1467 1924 displiceat,

167 1949 400 2032 committam,
420 1947 761 2033 praeterquamquod
783 1945 927 2011 hominis
951 1947 1033 2011 mihi
1056 1946 1317 2012 coniunctissimi
1341 1969 1378 2011 ac
1402 1945 1465 2010 viri

141 2076 171 2115 15
187 2055 385 2140 amplissimi
412 2055 505 2120 doleo
535 2077 668 2141 gravem
697 2076 817 2120 casum.
864 2054 949 2140 quod
978 2053 1006 2117 si
1036 2053 1133 2119 aliter
1160 2076 1265 2120 essem
1294 2053 1468 2135 animatus,

185 2184 375 2247 numquam,
398 2162 484 2249 quod
507 2161 657 2255 facerem,
679 2182 848 2246 negarem,
870 2183 911 2225 ne
935 2165 969 2225 et
992 2161 1026 2225 in
1049 2162 1212 2246 peccando
1240 2159 1411 2245 improbus
1434 2166 1468 2225 et

185 2269 221 2333 in
253 2270 487 2335 dissimulando
520 2270 656 2334 timidus
689 2291 727 2333 ac
759 2290 861 2333 vanus
899 2268 1111 2332 existimarer.
1157 2266 1208 2331 ‘at
1245 2267 1353 2354 ludos,
1386 2288 1501 2353 quosc

185 2374 335 2442 Caesaris
366 2378 520 2444 victoriae
544 2375 665 2442 Caesar
692 2377 879 2441 adulescens
909 2374 1002 2459 fecit,
1030 2373 1160 2441 curavi?
1208 2378 1242 2438 at
1270 2374 1303 2438 id
1337 2375 1377 2440 ad
1403 2375 1467 2459 pri-

185 2486 298 2547 vatum
322 2484 475 2568 officium,
498 2507 565 2550 non
588 2485 629 2548 ad
652 2486 775 2548 statum
799 2482 847 2548 rei
869 2507 901 2567 p.
923 2481 1080 2567 pertinet3
1104 2481 1191 2566 quod
1214 2485 1325 2546 tamen
1349 2504 1465 2546 munus

139 2613 172 2652 no
187 2593 221 2654 et
242 2589 385 2656 hominis
416 2590 606 2656 amicissimi
634 2590 809 2655 memoriae
838 2594 936 2674 atque
963 2589 1143 2655 honoribus
1171 2592 1338 2673 praestare
1366 2588 1466 2653 etiam

186 2698 310 2761 mortui
340 2699 435 2764 debui
465 2702 498 2764 et
526 2699 670 2784 optimae
699 2696 768 2781 spei
800 2697 1000 2761 adulescenti
1033 2719 1072 2761 ac
1104 2695 1298 2781 dignissimo
1327 2694 1465 2761 Caesare

184 2804 310 2887 petenti
342 2826 462 2891 negare
494 2829 559 2870 non
591 2804 695 2889 potui.
740 2803 814 2867 veni
851 2804 951 2868 etiam
989 2803 1131 2868 consulis
1164 2801 1302 2868 Antonii
1334 2803 1500 2874 demumr

186 2932 282 2996 saepe
306 2912 470 2977 salutandi
498 2934 609 2998 causa3
637 2912 676 2975 ad
705 2933 815 2996 quem,
838 2911 895 2995 qui
923 2933 975 2975 me
1002 2933 1118 2995 parum
1145 2910 1272 2995 patriae
1301 2914 1465 2974 amantem

186 3039 257 3083 esse
285 3020 488 3105 existimant,
511 3019 649 3105 rogandi
681 3018 812 3101 quidem
844 3018 968 3103 aliquid
1000 3022 1057 3083 aut
1085 3016 1252 3082 auferendi
1280 3039 1378 3083 causa
1404 3016 1465 3081 fre-

143 3149 173 3190 25
187 3125 317 3210 quentis
349 3127 509 3192 ventitare
546 3126 696 3211 reperies.
742 3127 798 3192 sed
830 3149 912 3213 quse
944 3127 1024 3191 haec
1056 3130 1106 3190 est
1139 3125 1344 3212 adrogantia,
1379 3126 1465 3210 quod

187 3229 307 3297 Caesar
338 3255 515 3318 numquam
548 3232 783 3318 interpellavit,
811 3233 904 3317 quin,
931 3233 1051 3318 quibus
1083 3233 1201 3298 vellem
1233 3237 1331 3318 atque
1365 3232 1466 3297 etiarn

187 3359 269 3422 quos
297 3339 366 3423 ipse
393 3362 459 3405 non
486 3340 660 3426 diligebat,
682 3345 792 3404 tamen
821 3341 867 3405 eis
895 3345 1018 3424 uterer,
1041 3362 1111 3424 eos,
1135 3340 1191 3425 qui
1215 3340 1296 3404 mihi
1325 3339 1465 3405 amicum

186 3444 387 3530 eripuerunt,
410 3447 571 3532 carpendo
599 3469 650 3511 me
679 3447 807 3512 efficere
837 3448 961 3531 conari,
985 3469 1039 3531 ne,
1062 3469 1144 3530 quos
1172 3447 1283 3530 velim,
1308 3446 1465 3531 diligam?

186 3552 243 3616 sed
265 3575 332 3618 non
355 3538 476 3638 rereor,
498 3577 539 3618 ne
563 3558 621 3618 aut
644 3577 733 3619 meae
757 3554 844 3618 vitae
867 3553 1029 3619 modestia
1051 3576 1168 3638 parum
1192 3554 1334 3619 valitura
1363 3553 1408 3617 sit
1430 3553 1465 3616 in
1484 3580 1500 3626 8

144 3687 173 3727 ao
184 3663 355 3743 posterum
378 3665 492 3725 contra
514 3660 616 3727 falsos
636 3684 791 3746 rumores,
810 3666 867 3727 aut
884 3684 925 3726 ne
944 3662 1044 3726 etiam
1062 3661 1102 3744 ei,
1120 3661 1177 3745 qui
1196 3682 1247 3725 me
1266 3683 1333 3725 non
1352 3665 1464 3724 amant

184 3771 320 3851 propter
342 3790 448 3832 meam
471 3744 506 3832 ih
525 3768 698 3835 Caesarem
722 3769 952 3853 constantiam,
969 3791 1036 3833 non
1060 3766 1178 3831 malint
1201 3767 1265 3831 mei
1289 3788 1388 3850 quam
1411 3767 1463 3832 sui

185 3873 303 3938 similis
333 3875 454 3940 amicos
486 3877 615 3942 habere.
662 3876 744 3941 mihi
776 3877 907 3960 quidem
939 3877 967 3940 si
1000 3879 1115 3960 optata
1144 3874 1350 3960 contingent,
1378 3875 1464 3959 quod

186 3980 349 4065 reliquum
372 3976 423 4047 est
445 3983 546 4068 vitae,
569 3985 603 4048 in
632 3985 699 4049 otio
723 3982 831 4048 Rhodi
859 3984 988 4069 degam,
1017 3983 1068 4046 sin
1096 4003 1189 4047 casus
1218 3980 1336 4066 aliquis
1365 3981 1464 4046 inter·

185 4088 330 4174 pellarit,
357 4090 404 4154 ita
432 4113 486 4155 ero
515 4092 654 4177 Romae,
685 4096 723 4157 ut
756 4095 842 4155 recte
876 4090 947 4155 fieri
975 4112 1102 4175 semper
1125 4090 1263 4175 cupiam.
1308 4087 1463 4153 'l'rebatio

274 4361 299 4410 2.
318 4355 355 4410 ab
373 4357 447 4425 (ante
465 4357 552 4428 hum.)
572 4374 622 4413 om.
642 4358 671 4412 D
685 4362 732 4425 114,
752 4372 768 4411 o
809 4355 941 4412 etendam
960 4358 1008 4427 M,
1029 4355 1217 4428 appetendam
1235 4355 1296 4411 HD
1314 4358 1323 4426 l
1342 4355 1390 4425 qui
1410 4354 1443 4410 Η

187 4429 351 4481 succensent
367 4427 429 4481 HD
441 4429 451 4497 ΙΙ
465 4434 488 4483 6.
505 4433 536 4483 at
554 4430 642 4484 debeo
662 4430 731 4496 HD,
751 4373 878 4484 addebeo
897 4431 953 4498 Ml!
968 4435 991 4483 8.
1012 4431 1134 4499 probant
1147 4428 1177 4482 D
1190 4433 1199 4499 ΙΙ
1215 4434 1256 4483 12.
1274 4428 1463 4498 praecipitata

187 4501 261 4552 etate
271 4498 305 4551 Η
315 4501 326 4568 ΙΙ
340 4503 381 4554 13.
396 4500 473 4568 quod
487 4500 583 4626 qtibi>
598 4501 749 4572 displiceat
759 4503 831 4556 Boot
840 4503 856 4556 t.
868 4520 899 4567 c,
913 4504 1021 4556 incursu
1034 4504 1043 4570 ΙΙ
1058 4507 1098 4554 14.
1115 4500 1185 4552 mrhr
1198 4517 1248 4555 orn.
1259 4499 1289 4552 D
1302 4502 1312 4568 ΙΙ
1327 4506 1368 4554 17.
1384 4501 1414 4553 at
1423 4499 1462 4566 H,

188 4569 224 4622 sd
242 4570 283 4639 M,
303 4586 337 4625 uc
354 4570 384 4623 D
397 4573 407 4641 ΙΙ
422 4577 461 4626 18.
482 4573 525 4643 a]
545 4573 582 4626 ad
601 4574 643 4641 M,
663 4590 696 4627 ac
715 4573 753 4642 D,
772 4591 822 4628 om.
842 4573 876 4627 H
887 4576 896 4642 ΙΙ
910 4578 952 4627 21.
972 4579 1014 4627 22.
1034 4588 1146 4626 caesare
1164 4571 1272 4640 petenti
1292 4572 1330 4638 H,
1349 4586 1462 4624 caesare

187 4641 326 4711 repetenti
340 4642 381 4711 M,
401 4643 490 4696 cesari
507 4648 621 4713 repente
636 4645 666 4698 D
678 4649 688 4714 ll
702 4650 744 4698 22.
764 4650 806 4698 23.
826 4660 891 4713 sepe
906 4641 1019 4698 domum
1033 4643 1062 4697 D
1076 4646 1141 4713 1123.
1157 4645 1283 4711 atquem
1297 4642 1335 4695 M
1344 4645 1353 4711 l
1367 4658 1462 4694 aman·

188 4713 243 4765 tem
253 4712 290 4780 D,
304 4712 459 4768 fumantem
470 4716 534 4769 ΜΗ
547 4720 556 4785 l
570 4722 612 4771 24.
624 4733 684 4771 esse
694 4733 743 4770 om.
755 4715 785 4768 D
797 4717 807 4785 ΙΙ
821 4721 917 4770 24:25.
928 4716 1086 4784 frequentes
1095 4713 1255 4783 repperient
1264 4712 1404 4767 uentitare
1414 4714 1448 4768 H
1455 4719 1464 4786 2³,

188 4787 228 4838 25.
247 4783 319 4839 haec
338 4789 380 4837 est
398 4787 444 4856 M,
472 4791 517 4840 est
533 4787 585 4841 hec
602 4788 664 4843 HD
686 4791 695 4856 Ιι
718 4793 760 4841 27.
780 4787 832 4858 eis]
857 4786 901 4840 his
923 4790 962 4855 Ψ,
991 4786 1027 4840 iis
1046 4804 1062 4845 ς
1085 4789 1094 4856 ΙΙ
1117 4792 1159 4840 29.
1179 4789 1229 4840 aut
1248 4785 1323 4854 HD,
1352 4785 1388 4838 ad
1408 4785 1444 4839 M
1455 4789 1463 4857 ¹:

188 4870 250 4910 mea
267 4855 298 4910 D
310 4858 320 4926 u
334 4861 375 4912 30.
395 4857 433 4928 ei]
451 4858 482 4911 hi
503 4863 538 4929 Ψ,
558 4859 577 4912 ii
593 4877 608 4918 ς
623 4864 688 4929 1132.
708 4858 878 4929 contigerint
895 4859 925 4912 D
938 4864 948 4928 l
961 4864 1004 4914 33.
1024 4857 1048 4912 si
1067 4874 1147 4912 casus
1166 4858 1196 4912 D
