3314 5460
167 363 230 417 XIV
703 359 913 414 PRAEFATIO.

167 525 763 612 2682,Ersurcensts,1>alarinus598.
797 524 954 589 accedunt
973 524 1007 587 in
1026 523 1134 608 priore
1153 527 1247 608 parte
1264 523 1447 608 particulae

170 638 318 698 servatae
333 634 367 697 in
379 633 465 714 foliis
477 632 674 710 Tauricenai,
687 631 880 709 Frneriarw,
893 631 1134 713 Homburpenai,
1152 630 1187 693 in
1201 631 1305 695 altera
1318 636 1451 715 praeter

168 740 281 822 solium
305 740 547 805 Heilbronnense
569 760 685 802 manca
707 739 816 803 aeduis
836 737 1040 802 Gratandrini
1058 737 1191 801 notitia
1234 737 1313 802 baec
1337 741 1450 802 autem

170 848 276 913 omnis
305 846 452 912 codicum
479 844 637 910 memoria
661 844 740 929 quin
768 850 903 930 excepto
928 843 1006 907 folio
1030 843 1222 908 Taurinensi
1245 844 1285 908 ad
1309 844 1450 910 eundem

170 956 294 1019 sontem
329 953 532 1037 primitivum
563 952 680 1016 ultimo
712 951 815 1037 gradu
848 949 1028 1015 reducenda
1059 950 1104 1014 sit
1135 973 1200 1015 non
1233 955 1344 1035 potest
1376 972 1450 1015 esse

169 1062 317 1127 dubium:
349 1046 477 1125 summa
505 1059 592 1122 enim
622 1058 656 1122 in
686 1081 720 1123 re
748 1059 882 1123 eandam
912 1057 1035 1122 habent
1062 1058 1235 1122 verborum
1267 1057 1451 1123 conforma·

171 1168 294 1233 tionem
318 1168 518 1250 eundemque
542 1165 755 1249 epistularum
779 1165 926 1230 ordinem
949 1187 986 1229 ac
1009 1186 1189 1229 numerum.
1228 1186 1309 1249 quae
1333 1165 1451 1249 stirpis

173 1274 358 1339 communio
385 1273 485 1338 etiam
508 1272 689 1336 minoribus
714 1272 908 1355 quibusdam
934 1270 1084 1354 proditur
1107 1270 1244 1335 indiciis.
1290 1293 1355 1355 quo
1380 1293 1453 1355 per-

172 1381 256 1445 tinet
280 1381 366 1464 quod
389 1386 422 1444 et
445 1380 480 1442 in
503 1378 648 1443 Mediceo
672 1382 704 1442 et
727 1379 761 1442 in
780 1377 956 1442 Harleiano
976 1378 1064 1442 2682
1086 1400 1173 1442 nono
1196 1377 1281 1442 libro
1304 1377 1452 1461 praefixa

171 1492 222 1552 est
243 1491 333 1551 nota:
357 1485 473 1551 ‘Liber
491 1485 533 1570 I',
556 1486 650 1570 quasi
672 1485 706 1549 in
726 1484 870 1549 Mediceo
895 1505 1022 1568 quoque
1046 1505 1166 1548 novum
1189 1483 1280 1548 illinc
1303 1484 1453 1549 ordiatur

172 1593 331 1659 volumen.
383 1592 497 1657 deinde
527 1614 682 1676 perquam
715 1590 924 1656 memorabile
954 1591 1073 1674 prioris
1103 1591 1207 1675 partis
1235 1589 1453 1655 Harleianum

172 1701 259 1765 2773
278 1699 500 1763 -Parisinus
523 1697 634 1781 paullo
658 1702 732 1762 ante
756 1698 930 1763 desiuit-
947 1697 1035 1761 finiri
1059 1697 1181 1762 eisdem
1200 1698 1307 1761 serbis
1332 1695 1453 1784 (puto

172 1806 285 1888 etiam,
314 1807 344 1870 si
370 1804 473 1869 ullam
500 1804 623 1888 spem':
652 1801 749 1886 VIII,
768 1805 802 1886 9,
821 1801 861 1889 3)
890 1804 1008 1886 quibus
1035 1802 1173 1868 Medicei
1201 1804 1453 1887 quaternionem

172 1913 322 1997 quintum
350 1912 520 1977 decimum.
565 1910 645 1975 haec
672 1910 775 1995 igitur
803 1932 877 1974 cum
905 1910 1070 1974 evidenter
1092 1911 1213 1975 ducant
1238 1911 1279 1975 ad
1306 1910 1454 1993 priscum

173 2020 334 2103 quendam
364 2020 510 2084 codicum
540 2021 728 2083 nostrorum
757 2038 888 2100 nexum,
921 2017 1023 2081 altera
1056 2040 1093 2082 ex
1124 2022 1217 2100 parte
1248 2017 1342 2102 plura
1372 2022 1453 2081 sunt

172 2148 254 2210 quae
273 2126 434 2190 diuersam
453 2125 605 2210 primitus
626 2123 785 2209 originem
803 2123 975 2187 rideantur
993 2123 1143 2187 indicare.
1181 2146 1257 2187 nam
1277 2125 1397 2187 mirum
1419 2125 1452 2188 in

172 2232 287 2316 primis
311 2231 397 2316 quod
424 2253 507 2297 unus
530 2230 693 2295 Mediceus
718 2230 885 2294 universos
914 2228 1013 2293 habet
1042 2230 1143 2294 libros
1167 2230 1320 2311 sedecIm,
1351 2233 1452 2293 ceteri

173 2360 284 2403 omnes
315 2375 360 2384 -
388 2339 485 2404 mitto
515 2338 602 2402 enim
631 2338 772 2401 incertas
801 2335 956 2400 foliorum
986 2336 1201 2421 singularium
1232 2336 1375 2400 rationes
1408 2373 1453 2382 --

173 2449 318 2512 octonos.
364 2445 478 2510 deinde
507 2465 717 2528 quamquam,
746 2447 784 2507 nt
807 2443 887 2526 dixi,
916 2464 1044 2506 summa
1073 2445 1106 2507 in
1136 2465 1169 2507 re
1195 2442 1314 2526 ubique
1338 2443 1453 2507 eadem

173 2556 224 2616 est
242 2554 416 2617 verborum
435 2551 661 2635 conformatio,
683 2556 793 2615 tamen
812 2549 934 2636 singuli
953 2550 1072 2634 quique
1092 2548 1156 2613 loci
1176 2554 1303 2613 tantum
1327 2549 1453 2614 habent

173 2659 373 2724 differentiae
392 2663 429 2724 ut
447 2680 542 2722 nemo
566 2680 632 2723 non
655 2657 761 2741 possit
779 2657 886 2722 videre
910 2661 943 2721 et
966 2657 1000 2719 in
1024 2656 1131 2738 priore
1155 2660 1188 2719 et
1211 2655 1246 2719 in
1269 2656 1452 2739 posteriore

174 2769 267 2849 parte
296 2765 420 2829 codices
448 2764 635 2828 dimidiatos
662 2786 736 2829 oum
765 2763 934 2849 oppositos
962 2783 1031 2826 esse
1058 2759 1202 2825 Mediceo
1230 2765 1301 2824 tum
1329 2762 1452 2827 artiore

175 2870 316 2953 quodam
334 2871 464 2935 vinculo
488 2871 574 2935 inter
597 2893 631 2934 se
655 2892 803 2935 conexos.
839 2870 976 2952 denique
1000 2868 1135 2932 alterius
1158 2867 1261 2951 partis
1285 2868 1453 2933 codicibus

175 2977 299 3041 adnexa
325 2981 377 3040 est
404 2976 444 3040 ad
468 2974 682 3040 Octavianum
710 2996 791 3058 quae
819 2975 924 3039 fertur
951 2975 1051 3039 missa
1078 2974 1231 3058 epistula,
1265 2997 1363 3058 quam
1385 2998 1454 3040 non

175 3082 275 3147 habet
297 3081 470 3147 Mediceus.

267 3212 348 3273 quae
372 3188 519 3254 codicum
547 3189 759 3272 superstitum
786 3193 819 3251 et
843 3190 1072 3253 consonantiae
1096 3195 1130 3254 et
1153 3189 1388 3273 discrepantiae
1413 3191 1453 3254 ad

177 3295 306 3379 qualem
329 3295 515 3360 viderentur
540 3294 615 3358 libri
639 3294 808 3378 archetypi
832 3294 947 3358 ducere
970 3298 1110 3381 speciem
1134 3297 1188 3360 diu
1213 3297 1372 3379 quaesiui,
1400 3298 1454 3361 ad·

175 3402 258 3467 scita
285 3402 386 3466 etiam
416 3401 610 3465 amissorum
641 3400 788 3466 codicum
816 3401 902 3485 quod
931 3401 1000 3466 eius
1027 3403 1098 3467 fieri
1126 3406 1256 3487 poterat
1285 3405 1453 3467 memoria.

176 3532 213 3573 ao
233 3509 372 3572 maxime
392 3505 521 3591 quidem
542 3507 697 3592 indagare
717 3508 826 3572 studui
846 3510 902 3591 qui
922 3509 1112 3593 quandoque
1131 3509 1248 3573 divisio
1272 3509 1337 3588 illa,
1361 3512 1454 3574 ouius

175 3615 315 3680 fortasse
345 3615 410 3678 iam
440 3614 524 3698 apud
557 3611 723 3678 Sedulium
753 3620 786 3677 et
816 3614 945 3699 Lupum
975 3620 1088 3679 extant
1117 3615 1270 3701 vestigia,
1302 3616 1456 3681 evenerit.

176 3722 308 3786 tandem
339 3743 358 3784 a
390 3743 441 3785 me
470 3720 601 3803 quidem
632 3720 712 3786 haec
744 3722 929 3806 aenigmata
961 3723 1043 3787 solvi
1075 3744 1140 3786 non
1171 3745 1266 3805 posse
1298 3723 1454 3786 intellexi.

177 3851 249 3893 cum
278 3829 365 3891 enim
392 3850 430 3891 ex
458 3828 505 3891 eis
530 3849 611 3910 quae
640 3849 739 3912 supra
764 3827 911 3910 exposita
935 3833 1012 3893 sunt
1039 3832 1151 3912 pateat
1173 3829 1208 3892 in
1230 3828 1337 3893 tribus
1361 3828 1456 3892 mini-

177 3958 266 3999 mum
285 3935 482 4020 regionibus,
506 3933 613 3999 Gallia
633 3932 807 3998 Germania
826 3934 932 4012 Italia,
955 3936 1104 4000 extitisse
1119 3934 1177 3999 has
1194 3936 1351 4017 epistulas
1367 3940 1454 3999 tran-

177 4041 412 4138 scribendoque
432 4062 501 4105 esse
523 4029 718 4125 propagatas
738 4062 874 4125 cumque
893 4064 987 4105 nemo
1010 4043 1116 4125 possit
1136 4043 1241 4105 dicere
1261 4042 1456 4106 amissorum

177 4149 324 4212 codicum
353 4152 409 4211 aut
438 4147 597 4210 ambItum
625 4150 682 4210 aut
709 4170 893 4231 numerum,
925 4149 1015 4212 nulla
1043 4149 1228 4213 coniectura
1255 4172 1319 4233 qua
1346 4171 1456 4233 super-

177 4253 294 4318 stitum
322 4253 470 4318 codicum
500 4253 586 4317 inter
613 4274 647 4316 se
678 4253 856 4339 iungantur
887 4255 1045 4338 rationes,
1078 4265 1145 4319 tam
1173 4257 1267 4319 firma
1296 4260 1347 4319 est
1378 4257 1456 4338 quin

177 4360 242 4423 alia
265 4361 371 4444 possit
394 4360 524 4444 opponi.
563 4359 674 4444 itaque
694 4363 816 4425 omissa
839 4362 927 4425 omni
951 4361 1080 4446 singula
1104 4363 1243 4427 rimandi
1266 4363 1457 4428 curiositate

178 4467 240 4531 hoc
260 4489 361 4529 unum
385 4467 522 4532 dlxerim
541 4467 642 4532 videri
668 4468 748 4532 mihi
771 4490 845 4531 eum
869 4468 998 4551 quidem
1022 4469 1142 4533 librum
1165 4471 1206 4533 ad
1229 4492 1324 4554 quem
1348 4490 1456 4552 super-

179 4573 274 4637 stites
303 4573 428 4638 codices
458 4574 578 4639 vetusti
608 4575 726 4638 ultima
754 4575 856 4657 stirpe
884 4574 1029 4659 redeant,
1059 4581 1093 4641 et
1115 4578 1240 4642 duobus
1269 4576 1456 4641 constitisse

179 4678 398 4743 voluminibus
429 4703 567 4763 quorum
599 4685 772 4764 utrumque
804 4686 940 4745 octonos
970 4684 1112 4747 tenuerit
1141 4682 1243 4747 libros
1274 4688 1307 4746 et
1336 4684 1457 4746 unciali

179 4786 279 4850 fuisse
299 4785 457 4869 scriptum
476 4788 672 4853 litteratura.
707 4788 880 4872 epistulam
901 4790 938 4852 od
960 4788 1174 4854 Octavianum
1194 4790 1326 4853 missum
1348 4795 1457 4854 utrum
