3314 5460
200 335 264 398 224
558 379 569 398 .
647 336 684 390 M.
703 336 809 390 TVLLI
829 335 1017 391 CICERONIS

200 521 277 581 rem,
301 502 338 561 ut
362 497 496 560 mirarer
519 497 625 561 locum
649 496 749 562 fnisse
774 499 912 585 augendi
935 500 970 563 in
993 521 1045 581 eo,
1069 499 1155 583 qnod
1178 498 1260 563 mihi
1282 499 1476 584 iampridem

201 605 400 671 cumulatum
425 604 524 668 etiam
551 604 731 668 videbatur.
777 606 850 689 quis
878 611 962 687 erat,
993 606 1048 690 qui
1076 609 1207 691 putaret
1228 606 1270 670 ad
1293 628 1368 670 eum
1391 628 1477 671 amo·

201 733 286 795 rem,
326 733 421 797 quem
453 733 532 798 erga
563 716 597 776 te
628 712 806 796 habebam,
842 735 938 798 posse
970 713 1094 796 aliquid
1127 713 1301 779 accedere?
1347 717 1477 778 tantum

166 819 346 900 seccessit,
369 823 406 881 ut
429 817 510 882 milri
534 841 620 883 nunc
638 818 776 902 denique
795 841 903 884 amare
923 819 1041 903 videar,
1064 824 1161 885 antea
1179 819 1340 884 dilexisse.
1378 842 1478 905 quare

201 924 278 1008 quid
301 931 360 1006 est,
384 926 470 1008 quod
494 947 555 1011 ego
578 929 612 989 te
635 925 756 1008 horter,
779 931 817 991 ut
840 926 993 1011 dignitati
1017 930 1051 990 et
1073 926 1196 1012 gloriae
1221 926 1369 991 servias?
1406 949 1479 1010 pro

200 1054 320 1114 ponam
343 1031 404 1095 tibi
429 1032 534 1097 claros
559 1033 654 1116 viros,
679 1033 765 1116 quod
788 1032 894 1097 facere
918 1033 1040 1116 solent,
1064 1033 1119 1117 qui
1144 1033 1339 1098 hortantur?
1375 1034 1479 1098 nemi-

200 1161 274 1202 nem
301 1137 405 1203 habeo
435 1139 605 1203 clariorem
633 1161 731 1224 quam
759 1144 791 1203 te
819 1138 941 1225 ipsum3
972 1144 1005 1204 te
1033 1140 1161 1205 imitere
1193 1146 1337 1225 oportet,
1370 1146 1481 1205 tecum

201 1245 270 1330 ipse
299 1252 416 1310 certes:
444 1268 484 1311 ne
512 1246 589 1311 licet
617 1247 748 1331 quidem
776 1247 837 1311 tibi
866 1246 931 1311 iam
959 1248 1060 1311 tantis
1088 1248 1186 1312 rebus
1214 1248 1317 1334 gestis
1339 1270 1408 1312 non
1431 1249 1482 1312 tui

167 1368 181 1416 7
202 1351 341 1416 similem
366 1375 444 1417 esse.
492 1354 577 1436 quod
600 1376 674 1418 cum
696 1355 745 1418 ita
767 1354 824 1437 sit,
851 1354 996 1419 hortatio
1019 1375 1084 1418 non
1108 1358 1160 1419 est
1181 1355 1379 1437 necessaria,
1409 1376 1478 1440 gra·

202 1459 361 1523 tutatione
391 1458 494 1545 magis
523 1461 678 1524 utendum
706 1466 769 1544 cst,
801 1461 939 1546 contigit
967 1461 1053 1525 enim
1076 1460 1153 1545 tibi,
1182 1462 1267 1545 quod
1295 1462 1383 1527 haud
1412 1463 1506 1527 scion

202 1588 243 1629 an
274 1565 410 1651 nemini,
447 1570 484 1630 ut
517 1589 643 1631 summa
676 1567 831 1632 severitas
865 1567 1153 1633 animadversionis
1184 1590 1248 1634 non
1283 1567 1381 1632 modo
1414 1590 1476 1632 non

201 1674 374 1756 invidiosa,
403 1675 458 1738 sed
486 1674 585 1738 ctiam
614 1675 780 1759 popularis
810 1679 896 1739 esset
923 1681 957 1739 et
985 1698 1058 1740 cum
1086 1675 1181 1740 bonis
1209 1676 1376 1758 omnibus,
1409 1679 1476 1739 tun

202 1781 313 1844 infimo
342 1781 456 1864 cuique
485 1780 681 1866 gratissima.
727 1783 789 1847 hoc
812 1783 840 1846 si
865 1781 927 1846 tibi
949 1781 1081 1846 fortuna
1109 1784 1248 1866 quadam
1276 1781 1478 1867 contigisset,

202 1888 384 1972 gratularer
407 1887 557 1972 felicitati
581 1894 670 1974 tuae;
693 1888 748 1953 sed
773 1888 914 1974 contigit
937 1889 1161 1974 magnitudine
1181 1912 1255 1954 cum
1273 1889 1386 1971 animi,
1410 1891 1479 1953 tum

202 1995 300 2059 etiam
324 1995 446 2080 ingenii
471 2000 568 2079 atque
592 1995 734 2078 consilii3
765 1995 830 2080 legi
859 1996 945 2060 enim
973 1997 1160 2061 contionem
1184 2001 1288 2060 tuam:
1316 1994 1401 2059 nihil
1424 1993 1516 2059 illan

202 2102 395 2186 sapientius3
432 2103 479 2166 ita
510 2102 744 2187 pedetemptim
778 2107 811 2167 et
843 2103 1003 2188 gradatim
1038 2107 1108 2167 tum
1142 2125 1288 2169 accessus
1322 2124 1342 2165 a
1374 2106 1409 2165 te
1442 2101 1481 2165 ad

203 2232 333 2274 causam
357 2209 449 2292 facti,
477 2214 548 2274 tum
576 2231 736 2293 recessus,
763 2213 874 2275 utres
898 2210 969 2294 ipsa
993 2208 1218 2276 maturitatem
1246 2209 1309 2274 tibi
1337 2208 1482 2274 animad-

166 2317 348 2381 avertendi
372 2319 514 2382 omnium
537 2339 692 2382 concessu
711 2318 811 2382 daret.
851 2317 999 2381 liberasti
1019 2317 1121 2402 igitur
1144 2321 1178 2381 at
1200 2318 1315 2382 urbem
1334 2316 1483 2400 periculo

198 2429 231 2487 et
260 2425 426 2489 civitatem
454 2429 558 2506 metu,
590 2447 693 2508 neque
727 2424 832 2489 solum
860 2425 900 2487 ad
928 2428 1058 2508 tempus
1091 2425 1266 2489 maximam
1299 2422 1482 2488 utilitatem

199 2531 353 2616 attulisti,
382 2533 438 2596 sed
465 2532 565 2596 ctiam
594 2532 632 2595 ad
662 2532 860 2616 exemplum3
890 2554 954 2615 quo
982 2530 1070 2595 facto
1098 2531 1289 2617 intellegere
1318 2530 1420 2595 debes
1448 2529 1483 2594 in
1496 2555 1522 2593 so

198 2642 230 2702 te
262 2638 405 2723 positam
438 2661 508 2703 esse
541 2661 609 2703 rem
642 2662 671 2722 p.
706 2638 831 2723 tibique
868 2660 934 2702 non
966 2638 1062 2703 modo
1099 2638 1254 2722 tuendos,
1289 2637 1346 2702 sed
1381 2637 1482 2702 ctiam

199 2746 360 2810 ornandos
384 2768 454 2811 esse
477 2746 552 2811 illos
572 2746 668 2829 viros,
692 2769 711 2810 a
735 2745 852 2831 quibus
876 2745 1007 2811 initium
1026 2745 1192 2810 libertatis
1210 2743 1399 2830 profectum
1423 2748 1483 2809 est

198 2853 253 2917 sed
282 2852 334 2916 his
363 2854 401 2916 de
429 2853 525 2917 rebus
555 2875 664 2918 coram
692 2853 787 2936 plura
816 2852 1016 2937 propediem,
1050 2857 1087 2915 ut
1115 2874 1225 2936 spero:
1258 2856 1295 2916 tu
1323 2851 1482 2936 quoniam

198 2981 319 3042 remp.
343 2981 466 3043 nosque
490 2982 671 3044 conservas,
694 2959 755 3041 fac,
779 2964 815 3023 ut
839 2959 1090 3044 diligentissime
1114 2963 1146 3023 te
1170 2959 1288 3042 ipsum,
1312 2959 1359 3023 nri
1384 2957 1482 3023 Dola-

198 3065 298 3149 bella,
323 3066 495 3131 custodias.
1494 3086 1520 3126 ²⁵

734 3209 805 3273 XV.
842 3208 944 3295 (aas.)

646 3350 805 3417 nonno
829 3349 976 3416 sauro
1002 3348 1033 3416 s.

165 3510 175 3556 1
289 3492 422 3558 Duabus
451 3492 517 3558 tuis
545 3493 694 3577 epistulis
723 3494 938 3578 respondebo:
968 3493 1038 3575 uni,
1067 3515 1164 3578 qnam
1192 3491 1376 3576 quadriduo
1405 3495 1481 3558 ante

199 3622 385 3685 acceperam
409 3624 428 3664 a
451 3599 567 3683 Zeth03
591 3601 700 3683 alteri,
724 3623 822 3684 quam
845 3600 1002 3664 attulerat
1025 3598 1173 3664 Phileros
1196 3599 1401 3665 tabellarius.
1442 3623 1481 3665 ex

198 3707 362 3791 prioribus
386 3709 451 3772 tuis
475 3708 595 3773 litteris
619 3707 765 3771 intellexi
793 3711 982 3792 pergratam
1006 3706 1067 3770 tibi
1091 3728 1202 3771 curam
1226 3728 1333 3772 meam
1358 3708 1481 3773 valetu-
1495 3725 1519 3764 ω

199 3815 283 3879 dinis
306 3818 390 3899 tuae,
414 3838 511 3901 quam
535 3815 596 3879 tibi
620 3817 825 3897 perspectam
845 3835 914 3878 esse
935 3813 1073 3899 gaudc03
1097 3813 1161 3890 sed,
1185 3811 1267 3876 mihi
1287 3813 1393 3897 crede,
1415 3836 1482 3878 non

288 4016 312 4064 2.
339 4008 402 4077 quis
431 4012 492 4062 erat
508 4041 540 4047 -
555 4014 580 4063 4.
609 4006 741 4061 dilexisse
768 4008 860 4069 adfert
882 4007 995 4060 Nonius
1016 4008 1196 4075 (p.421‚33
1218 4005 1481 4075 Merc.,t.11p.2

198 4082 292 4150 Melz.)
314 4083 324 4149 ΙΙ
347 4086 370 4134 3.
390 4083 419 4134 te
437 4098 496 4148 sap.
517 4097 553 4134 cs.
573 4079 613 4132 A¹
631 4081 641 4147 ll
659 4085 683 4132 4.
704 4080 770 4132 autc
789 4078 901 4132 Nonius
922 4080 932 4147 l
955 4083 979 4132 b.
999 4077 1095 4130 hortor
1113 4078 1173 4146 (sic)
1192 4079 1221 4130 te
1240 4075 1274 4129 H
1293 4077 1303 4146 ll
1327 4081 1353 4131 δ.
1375 4081 1399 4131 6.
1418 4094 1482 4148 pro-

197 4171 301 4222 ponam
320 4154 355 4221 A,
375 4169 418 4205 aa
440 4155 470 4204 Ψ
482 4154 491 4220 ΙΙ
507 4156 529 4205 7.
549 4153 577 4204 te
596 4151 670 4219 (onte
688 4149 746 4218 im.)
766 4166 816 4203 om.
836 4150 863 4203 A
876 4153 885 4218 ΙΙ
900 4148 1009 4202 imitare
1029 4148 1070 4217 M,
1092 4147 1198 4201 imitari
1217 4146 1307 4202 HDA
1320 4148 1332 4217 l
1347 4154 1372 4202 8.
1392 4148 1483 4202 tantis

197 4225 255 4277 ianr
275 4224 308 4277 Η
332 4226 341 4292 ll
370 4229 410 4277 14.
436 4240 500 4277 cum
522 4220 699 4288 MH’DA‘,
728 4237 813 4289 quarn
833 4220 886 4288 Al,
915 4220 1039 4288 quadam
1062 4220 1119 4287 4³,
1148 4236 1198 4274 om.
1218 4216 1262 4272 Η1
1290 4220 1300 4289 l
1329 4223 1373 4273 16.
1396 4219 1481 4288 peda·

198 4295 327 4365 tcmptim
338 4295 404 4364 HA,
423 4291 647 4364 pjjeditemptim,
669 4298 682 4344 1
699 4294 750 4347 litt.
766 4310 812 4358 cr,
825 4309 867 4361 pr.
882 4291 893 4344 i
907 4308 974 4346 corr.
990 4309 1008 4344 a
1022 4290 1060 4344 M
1061 4297 1073 4326 ⁰
1086 4293 1118 4345 ia
1132 4307 1156 4357 c,
1175 4290 1217 4358 M,
1236 4288 1416 4357 pedetentim
1429 4291 1461 4346 D
1475 4291 1482 4361 'l

198 4370 227 4421 et
246 4372 291 4436 (ac
310 4368 350 4435 D)
369 4364 511 4436 gradatim
532 4366 572 4433 Ψ,
596 4381 646 4418 om.
667 4365 694 4418 A
721 4365 730 4432 ll
759 4368 799 4417 18.
819 4360 924 4416 liberas
947 4365 979 4415 tu
1002 4361 1090 4431 igitur
1108 4362 1149 4416 Al
1175 4363 1185 4430 ΙΙ
1211 4366 1253 4414 20.
1274 4377 1331 4429 qno
1356 4379 1407 4417 ose.
1427 4363 1482 4417 Ml

199 4445 240 4491 22.
261 4454 321 4492 esse
340 4455 390 4491 om.
410 4439 437 4492 A
464 4439 473 4505 [1
500 4435 602 4488 intium
621 4436 658 4488 M
682 4437 691 4504 11
718 4440 760 4489 24.
780 4439 822 4488 25.
844 4432 1009 4503 dollobella‚
1034 4450 1094 4502 esp.
1114 4451 1148 4487 m.
1169 4438 1193 4499 1,
1211 4432 1248 4497 A,
1269 4430 1417 4487 dolobella
1431 4434 1461 4489 D
1474 4436 1484 4506 ‚i

199 4516 240 4564 28.
266 4508 392 4580 epistolis
415 4507 472 4561 tuis
498 4509 526 4560 II
549 4511 558 4577 ll
581 4505 731 4575 quatriduo
754 4523 788 4559 aa
811 4505 968 4573 quadriduo
992 4504 1038 4557 Ml
1076 4502 1227 4572 quatriduo
1245 4502 1288 4572 D,
1311 4503 1410 4558 triduo
1429 4503 1464 4558 Η
1474 4524 1482 4564 ,3

199 4586 239 4633 29.
261 4597 423 4650 acceperam
443 4579 514 4645 MD,
535 4595 681 4647 coeperam
702 4577 732 4629 ll
745 4579 754 4643 ΙΙ
768 4593 786 4628 a
805 4576 886 4629 zetho
901 4575 942 4643 M,
963 4592 980 4628 a
998 4548 1078 4629 retlro
1099 4576 1136 4642 D,
1155 4573 1251 4628 alctho
1270 4573 1306 4627 H
1339 4573 1481 4648 Phileros]

198 4650 301 4717 pileros
323 4655 359 4706 Ψ.
387 4654 423 4717 cf.
443 4652 480 4703 nd
498 4649 531 4716 V,
553 4655 625 4716 12‚3
648 4652 658 4717 ΙΙ
681 4654 722 4701 30.
743 4664 838 4699 curam
854 4679 886 4686 -
902 4653 942 4700 31.
968 4646 1023 4700 tibi
1041 4646 1102 4701 HD
1127 4649 1282 4715 (praeterea
1343 4663 1410 4702 scon.
1430 4652 1483 4700 210

198 4728 223 4773 et
241 4727 301 4788 244,
321 4722 412 4776 Poris.
434 4727 501 4773 7783
520 4728 544 4774 et
566 4725 661 4782 14761,
681 4737 731 4788 rap.
755 4719 916 4784 Graranori,
935 4720 992 4785 ab),
1016 4736 1066 4773 om.
1087 4718 1124 4771 M
1143 4723 1152 4786 {l
1175 4722 1218 4772 30.
1237 4733 1335 4770 curam
1356 4718 1400 4786 H,
1421 4734 1482 4772 case

199 4807 294 4843 curam
314 4794 343 4846 D
360 4796 370 4861 ΙΙ
388 4798 430 4846 31,
449 4793 626 4860 perspectum
647 4790 683 4842 M
