3286 5460
235 370 300 435 378
686 370 723 425 Μ.
743 370 849 424 TVLLI
868 368 1058 424 CICERONIS

236 536 387 602 omnibus
411 557 537 600 mecum
560 534 677 600 studiis
708 533 890 618 officiisque
917 532 1177 599 coniunctissimi
1204 554 1335 599 movere
1362 532 1517 599 debebat:

236 667 255 708 a
278 647 311 708 te
332 642 397 708 hoc
419 642 509 708 omni
532 640 741 707 contentione
764 645 850 726 peto,
873 640 930 726 sic,
953 643 990 706 ut
1013 641 1135 705 maiore
1159 661 1245 727 cura,
1266 640 1391 706 maiore
1416 640 1516 705 animi

236 751 348 815 labore
366 753 476 834 petere
495 771 561 814 non
579 749 713 834 possim,
735 752 773 813 ut
791 747 833 813 ad
849 769 898 834 ea,
918 770 1003 833 quae
1021 751 1080 814 tua
1096 751 1215 834 sponte
1233 747 1304 813 sine
1321 747 1518 832 cuiusquam

237 857 515 929 commendatione
538 856 662 921 faceres
686 856 908 920 inhominem
933 858 1063 920 tautum
1093 858 1127 920 et
1149 855 1251 920 talem
1279 854 1518 937 calamitosum,

236 963 377 1046 aliquem
397 962 545 1027 adferant
564 963 729 1028 cumulum
749 985 838 1028 meae
852 962 991 1047 litterae,
1011 984 1075 1047 quo
1091 962 1269 1028 studiosius
1285 984 1369 1047 eum,
1383 961 1516 1046 quibus·
1543 983 1555 1024 s
1575 985 1621 1026 e

203 1086 374 1153 ecumque
397 1071 494 1134 rebus
518 1070 635 1154 possis,
657 1070 756 1134 iuves.
800 1070 885 1154 quod
909 1070 937 1134 si
956 1068 1081 1135 Romae
1104 1067 1232 1155 fuisses,
1255 1069 1355 1134 etiarn
1376 1069 1518 1134 salutem

237 1176 275 1240 A.
296 1173 452 1240 Caecinae
476 1197 630 1258 essemus,
653 1179 691 1240 ut
714 1175 824 1259 opinio
848 1197 919 1239 mea
942 1174 1020 1259 fert,
1042 1196 1101 1260 per
1123 1178 1156 1241 tc
1180 1175 1361 1260 consecuti,
1388 1175 1430 1240 dc
1453 1196 1519 1259 qua

237 1289 347 1347 tamen
371 1304 524 1367 magnam
549 1305 640 1366 spem
663 1283 835 1366 habemus,
866 1282 944 1346 freti
968 1282 1141 1347 clementia
1164 1283 1309 1369 collegae
1331 1280 1395 1346 tui:
1423 1303 1518 1364 nunc,

237 1391 390 1474 quoniam
415 1394 506 1452 tuam
529 1389 690 1453 iustitiam
709 1393 840 1454 secutus
857 1389 1062 1479 tutissimum
1082 1389 1146 1454 sibi
1164 1394 1297 1474 portum
1313 1387 1517 1474 prorInciam

237 1497 336 1561 istam
359 1496 451 1559 duxit
475 1517 553 1579 esse,
576 1496 676 1560 etiam
700 1500 797 1580 atque
821 1496 921 1561 etiarn
945 1500 977 1560 te
1001 1517 1081 1582 rogo
1106 1500 1204 1580 atque
1228 1518 1301 1581 oro,
1323 1499 1362 1560 ut
1385 1517 1462 1560 eum
1484 1499 1608 1559 etroo
1641 1530 1643 1544 ·

237 1603 271 1665 in
300 1599 447 1684 reliquiis
479 1601 598 1666 veteris
629 1601 864 1689 negotiationis
896 1601 1088 1688 colligendis
1116 1596 1185 1668 iuss
1214 1607 1249 1668 εὴ
1276 1602 1392 1668 ceteris
1420 1602 1517 1667 rebus

238 1713 330 1794 tegas
356 1712 452 1791 atquc
475 1712 599 1773 tueare:
623 1710 685 1774 hoc
708 1709 789 1774 mihi
813 1709 940 1795 gratius
964 1708 1070 1774 facere
1093 1709 1176 1783 nihil
1198 1712 1303 1794 potes.

741 1957 876 2025 urvu.
910 1955 1014 2046 (264.)

495 2119 537 2183 n.
559 2116 718 2184 crosno
742 2118 777 2183 P.
797 2117 1004 2184 sanvnro
1027 2117 1115 2184 Pro
1139 2117 1204 2184 Pa
1229 2117 1259 2184 s.

207 2295 217 2341 ι
326 2281 378 2344 Ex
400 2279 568 2365 provincia
591 2300 663 2342 mea
687 2275 862 2364 Ciliciensi,
884 2278 937 2343 cui
960 2279 1024 2344 scis
1046 2288 1133 2365 τρεῖς
1156 2280 1335 2364 διοικήσεις
1353 2275 1518 2344 Asiaticas
1533 2300 1570 2340 ra

238 2388 421 2451 adtributas
445 2386 560 2469 fuisse,
582 2385 673 2449 nullo
697 2407 770 2449 sum
793 2385 986 2451 familiarius
1011 2407 1090 2451 usus
1118 2407 1215 2470 quam
1239 2385 1402 2469 Androne,
1426 2383 1520 2450 Arte

239 2493 344 2558 monis
363 2493 446 2577 filio,
469 2492 669 2576 Laodicensi,
693 2513 830 2575 eumque
853 2492 955 2557 habui
977 2493 1013 2556 in
1036 2514 1074 2557 ea
1097 2492 1229 2557 civitate
1253 2514 1326 2557 cum
1344 2491 1521 2576 hospitem,

238 2606 308 2665 tum
332 2601 538 2665 vehementer
562 2599 602 2663 ad
626 2620 715 2662 meae
740 2598 825 2662 vitae
849 2599 1010 2663 rationem
1038 2601 1072 2663 et
1100 2597 1367 2663 consuetudinem
1395 2619 1520 2663 accom-

239 2709 419 2790 modatum,
448 2728 544 2791 quem
569 2705 699 2791 quidem
723 2705 827 2769 multo
851 2705 951 2769 etiam
974 2705 1091 2790 pluris,
1119 2708 1233 2790 postea
1260 2726 1359 2790 quam
1385 2704 1519 2789 decessi,
1568 2695 1579 2710 ⁰

238 2814 344 2879 facere
374 2813 478 2897 coepi,
512 2813 597 2896 quod
630 2811 742 2876 multis
775 2810 872 2875 rebus
904 2814 1055 2896 expertus
1083 2834 1156 2877 sum
1188 2815 1319 2898 gratum
1351 2811 1556 2876 hominemro

238 2921 366 3004 meique
397 2940 581 2983 memorem.
628 2919 738 3002 itaque
771 2940 845 2982 eum
872 2916 995 2982 Romae
1027 2916 1244 2983 libentissime
1275 2916 1355 3002 vidi3
1386 2939 1455 2982 non
1486 2921 1518 2981 te

239 3028 324 3090 enim
352 3026 453 3110 fugit,
488 3025 542 3109 qui
571 3025 721 3110 plurimis
750 3024 786 3088 in
812 3025 878 3088 ista
905 3024 1073 3109 provincia
1102 3024 1239 3108 benigne
1266 3022 1389 3108 fecisti,
1422 3045 1519 3108 quam

203 3134 335 3197 amulti
359 3133 446 3217 grati
470 3132 682 3216 reperiantur.
722 3132 804 3196 haec
826 3134 1002 3216 propterea
1025 3130 1149 3215 scripsi,
1172 3133 1211 3194 ut
1234 3133 1267 3195 et
1290 3152 1431 3195 menon
1449 3129 1518 3195 sinc

239 3261 337 3303 causa
368 3240 517 3302 laborare
549 3239 756 3324 intellegeres
785 3239 818 3302 εὴ
846 3241 882 3300 tu
910 3235 980 3320 ipse
1008 3259 1082 3302 eum
1114 3236 1250 3322 dignum
1281 3234 1427 3320 hospitio
1459 3240 1518 3301 tuo

239 3346 407 3409 iudicares.
449 3344 563 3409 feceris
587 3344 689 3430 igitur
712 3341 792 3407 mihi
815 3342 1053 3428 gratissimum,
1077 3343 1105 3407 si
1129 3342 1158 3408 ei
1181 3341 1370 3426 declararis,
1402 3342 1517 3426 quanti
1531 3366 1556 3408 ss

239 3474 290 3516 me
314 3450 423 3534 facias,
446 3451 479 3514 id
503 3454 562 3533 est,
586 3450 614 3514 si
638 3450 797 3534 receperis
822 3471 895 3513 eum
916 3448 1064 3514 infidem
1084 3452 1236 3531 tuamet,
1260 3448 1519 3534 quibuscumque

240 3559 336 3622 rebus
360 3558 496 3621 honeste
520 3579 558 3621 aa
581 3557 650 3621 sine
674 3556 826 3621 molestia
849 3558 906 3619 tua
928 3557 1061 3640 poteris,
1084 3554 1240 3621 adiueris:
1262 3554 1327 3620 hoc
1349 3552 1432 3619 mihi
1455 3555 1520 3620 erit

240 3666 446 3729 vehementer
469 3666 609 3749 gratum,
632 3663 727 3747 idque
751 3665 789 3726 ut
811 3661 911 3726 facias
935 3667 968 3727 tc
992 3661 1091 3727 etiam
1114 3666 1212 3746 atque
1236 3660 1336 3725 etiam
1360 3681 1452 3747 rogo.

330 3862 353 3911 1.
369 3855 515 3910 debeatH
526 3859 573 3923 112.
589 3853 728 3926 (itaque)
739 3855 794 3908 ate
806 3854 922 3923 Kayser,
938 3853 1054 3927 (nunc)
1069 3871 1087 3908 a
1100 3855 1130 3908 te
1140 3853 1305 3924 Wesenberg.
1328 3854 1363 3922 cf.
1373 3853 1521 3908 Lehmann

235 3948 265 3998 p.
277 3934 311 3982 65
334 3931 343 3996 ll
367 3933 390 3981 3.
411 3944 524 3996 possum
543 3928 603 3995 (sic)
623 3925 684 3979 HD
706 3929 715 3993 ΙΙ
738 3931 763 3980 3,
783 3930 807 3979 4.
827 3923 886 3978 sine
906 3925 1072 3994 cuiusquam
1090 3921 1332 3980 commendatione
1352 3924 1405 3979 dcl.
1425 3925 1522 3995 Kteyn

239 4002 280 4068 (p.
297 4003 341 4067 19)
369 4000 378 4066 ll
406 4004 429 4051 4.
453 3999 564 4050 tantum
589 3999 617 4050 et
638 3995 725 4050 talem
749 3995 956 4067 calamitosum]
982 3999 1017 4064 cf.
1036 3995 1336 4068 mopsuest-noller
1359 3995 1419 4049 ‘lot
1444 3995 1519 4050 sss)

236 4090 265 4139 p.
282 4072 351 4123 376s
365 4071 430 4122 adn.
462 4071 521 4121 tam
540 4070 620 4120 tuum
634 4070 663 4120 et
676 4070 735 4120 tam
750 4066 946 4121 calamitosum
959 4075 1022 4136 post
1036 4070 1105 4123 otios
1122 4067 1276 4122 Thicrbach
1289 4067 1395 4136 (progr.
1412 4066 1520 4121 Gades.

242 4147 309 4194 1782
327 4159 354 4207 p.
371 4143 406 4207 5),
426 4141 489 4205 sort.
508 4146 586 4205 recle,
604 4140 663 4191 tam
682 4140 761 4191 tuum
782 4140 810 4191 εὴ
828 4138 915 4192 talem
933 4138 1129 4193 calamitosum
1149 4138 1265 4207 Madvig
1283 4137 1370 4206 (odo
1386 4138 1459 4191 crit!
1480 4137 1521 4191 111

236 4231 266 4281 p.
283 4215 357 4278 164),
379 4212 490 4263 tantum
510 4209 643 4263 attalem
663 4208 819 4280 (tamque)
838 4209 1033 4263 calamitosum
1052 4211 1197 4264 Lehmann
1215 4211 1256 4276 (p.
1272 4210 1325 4277 61).
1358 4210 1472 4261 tantum
1491 4211 1521 4263 et

240 4282 339 4349 talem,
359 4283 410 4335 del.
429 4300 453 4334 c.
469 4279 676 4345 calamitosum,
702 4281 819 4334 Ursiaus
836 4287 861 4334 et
880 4281 977 4352 chya
996 4283 1105 4351 (1252).
1138 4286 1253 4334 ceteram
1274 4280 1303 4331 εὴ
1320 4285 1383 4333 onte
1402 4278 1520 4333 colami-

240 4357 332 4407 tosum
351 4354 414 4406 cdd.
435 4352 469 4404 H
488 4353 497 4418 ll
520 4357 544 4404 9.
563 4351 734 4405 tutissimam
753 4351 792 4404 M
809 4353 819 4420 ΙΙ
842 4356 883 4405 10.
903 4353 931 4405 tc
950 4370 1000 4407 om.
1020 4353 1054 4406 H
1073 4355 1082 4421 l}
1107 4357 1147 4405 11.
1167 4348 1305 4420 reliquiis]
1328 4348 1446 4417 reliquis
1468 4351 1521 4404 nti

240 4424 299 4477 iues
315 4425 356 4490 M,
376 4423 455 4476 iuues
469 4423 531 4477 HD
553 4425 562 4490 ll
586 4430 626 4478 18.
648 4428 689 4478 19.
709 4421 948 4476 accommodatam
964 4424 1001 4477 M
1020 4427 1028 4493 ΙΙ
1053 4428 1093 4478 19.
1114 4420 1221 4476 decessi
1240 4421 1281 4489 M,
1301 4416 1419 4474 discessi
1436 4420 1499 4475 HD
1511 4412 1521 4492 ll

241 4502 282 4549 26.
303 4512 366 4548 enm
385 4494 454 4562 HD,
474 4494 540 4547 dum
560 4495 595 4548 M
606 4496 615 4562 ll
629 4499 671 4548 27.
691 4493 833 4548 adiuueris
851 4494 913 4548 HD
