3286 5460
196 392 245 445 XX
732 389 947 444 PRAEFATIO.

196 578 234 619 ex
258 553 293 617 M
317 555 427 618 omnia
450 555 569 639 ubique
592 575 612 616 a
636 575 685 617 me
710 552 808 616 allata
832 557 909 617 sunt
932 557 965 616 et
988 553 1074 616 bona
1102 556 1135 615 et
1162 552 1248 614 mala
1278 572 1318 613 ne
1347 548 1477 633 pusillis

197 660 326 744 quidem
357 660 522 726 erroribus
551 659 695 742 omissis,
727 659 792 723 nisi
820 658 905 744 quod
933 659 967 721 iu
997 658 1214 722 memorandis
1243 657 1339 721 rebus
1368 654 1477 719 orthc

196 768 361 853 graphicis
385 769 466 832 certi
490 772 582 833 erant
605 767 736 831 tenendi
760 766 841 831 fines
866 764 910 852 (v.
932 763 1075 850 infra).¹)

286 875 402 958 quodsi
425 875 544 959 prioris
568 874 673 959 partis
696 872 840 937 rationes
864 871 995 936 criticae
1020 871 1101 934 satis
1125 870 1240 954 planae
1262 872 1348 950 sunt,
1372 867 1475 931 multo

196 979 360 1045 difficilior
383 1002 435 1045 res
459 985 510 1045 est
531 981 565 1045 in
590 985 665 1045 octo
690 979 783 1043 libris
806 978 1053 1062 posterioribus.
1094 977 1147 1041 hic
1167 976 1345 1040 enimcum
1365 974 1474 1058 plures

196 1110 295 1173 quam
317 1087 385 1151 illic
408 1091 539 1173 praeter
563 1086 742 1151 Mediceum
766 1089 878 1150 extent
902 1085 1037 1167 codices,
1062 1088 1132 1147 tum
1157 1081 1327 1147 dubitandi
1351 1102 1417 1164 qua
1439 1102 1474 1143 ex

196 1199 290 1279 parte
318 1195 382 1258 dux
411 1193 454 1257 sit
483 1193 649 1278 eligendus
679 1192 783 1256 maior
815 1196 865 1256 est
898 1191 1043 1255 libertas.
1093 1193 1226 1273 praeter
1253 1188 1365 1268 solitam
1398 1189 1475 1252 enim

196 1301 441 1365 Heilbroancnse
461 1300 495 1363 in
514 1321 647 1363 censum
665 1299 799 1363 veniunt
819 1299 1015 1362 Harlet'oaus
1034 1297 1130 1380 2682,
1155 1294 1359 1378 Erl'urlensis,
1384 1294 1476 1358 Polc-

197 1410 281 1471 tinus
300 1407 365 1472 598
390 1406 516 1471 codices
540 1410 573 1471 et
595 1406 624 1470 is
647 1407 731 1469 liber
755 1411 848 1469 vetus
873 1405 929 1488 qui
948 1404 1115 1468 adhibitus
1135 1407 1186 1468 est
1204 1403 1330 1467 editioni
1348 1401 1476 1466 Croton·

195 1515 314 1578 driaco.
356 1535 393 1577 ac
417 1512 620 1598 singulorum
644 1511 774 1595 quidem
798 1511 944 1575 codicum
966 1510 1028 1574 hae
1052 1515 1128 1575 sunt
1152 1509 1305 1573 rationes.

157 1633 189 1685 H
288 1621 322 1683 in
351 1641 462 1683 museo
490 1617 680 1683 Britannico
709 1622 799 1682 extat
826 1620 887 1682 cod.
911 1618 1108 1682 Harleionas
1132 1616 1232 1680 2682:
1267 1615 1315 1698 H,
1343 1614 1476 1677 membr.

198 1748 222 1791 s.
241 1725 297 1808 XI,
321 1725 377 1788 alt.
402 1729 484 1789 cent.
503 1725 562 1807 35,
586 1726 642 1788 lat.
662 1725 718 1807 25,
743 1725 943 1789 tricenorum
966 1745 1118 1788 senorum
1142 1744 1295 1787 versuum
1318 1720 1477 1785 columnis

198 1833 340 1917 scriptus
363 1829 555 1918 (imaginem
574 1852 649 1895 mox
668 1830 760 1895 dabit
779 1828 951 1894 Chatelain
970 1830 990 1893 l.
1010 1830 1059 1915 c).
1093 1829 1205 1894 insunt
1228 1828 1283 1892 fol.
1304 1827 1335 1890 lr
1359 1827 1478 1911 epistu-

199 1940 303 2002 larum
327 1939 347 2001 l.
367 1936 548 2019 IX-XVI,
571 1936 627 2000 fol.
645 1937 706 2002 52‘
728 1960 776 2021 ep.
796 1938 836 2001 ad
856 1937 1079 2021 Octavianum,
1101 1936 1157 2000 fol.
1176 1936 1236 2001 53¹
1257 1933 1292 2009 Q.
1313 1931 1478 1998 Ciceronis

198 2045 237 2110 de
261 2048 325 2129 pet.
351 2066 438 2108 cons.
463 2044 759 2127 commentariolus,
782 2043 837 2108 fol.
856 2046 916 2108 57¹
940 2044 1080 2127 Laelius,
1103 2042 1160 2106 fol.
1179 2044 1241 2106 64⁸¹
1261 2040 1343 2106 Octo
1367 2041 1480 2122 maior,

197 2151 252 2215 fol.
281 2154 334 2216 llr
363 2152 526 2215 orationes
560 2150 762 2235 Philippicae
796 2156 856 2214 cet.
885 2148 939 2236 (cs.
963 2150 1016 2214 Fr.
1040 2149 1127 2213 Ruhl
1157 2171 1238 2212 mus.
1262 2147 1364 2211 Rhea.
1390 2146 1480 2211 XXX

198 2280 228 2340 p.
248 2258 347 2340 acsq.
368 2261 401 2320 et
420 2256 457 2320 El.
473 2256 614 2323 Maunde
632 2258 821 2342 Thompson
840 2280 889 2341 ap.
910 2256 1078 2321 Glarlrium
1098 2255 1230 2320 ‘Anecd
1250 2254 1366 2318 Onon?
1386 2254 1480 2319 class.

198 2385 259 2427 ser.
279 2362 344 2426 VII
369 2362 607 2448 (Oxcrr.1892)
633 2388 663 2448 p.
686 2361 781 2449 lsq.).
820 2364 1019 2447 scripserunt
1043 2364 1187 2427 codicem
1209 2360 1336 2425 librarii
1363 2361 1482 2445 plures,

198 2470 232 2533 in
260 2469 410 2555 epistulis
443 2471 572 2554 quidem
601 2508 642 2517 -
672 2476 710 2535 ut
738 2470 818 2534 mihi
846 2471 951 2535 visum
975 2506 1017 2516 -
1043 2470 1090 2533 ita
1118 2473 1155 2533 ut
1184 2468 1304 2553 singuli
1334 2467 1481 2552 singulos

196 2578 424 2659 quaterniones
453 2579 503 2642 vel
535 2578 635 2642 etiam
668 2578 798 2662 singula
831 2576 910 2641 folia
943 2574 1225 2660 perscriberent.²)
1272 2580 1482 2639 correxerunt

286 2772 312 2838 1)
330 2786 403 2837 quac
431 2787 516 2840 supra
543 2771 626 2840 posui
652 2787 709 2824 non
737 2770 812 2823 omni
841 2788 874 2823 ex
902 2772 984 2839 parte
1012 2767 1183 2821 conveniunt
1210 2785 1274 2820 curn
1301 2766 1482 2836 opinionibus

196 2840 348 2894 Streicheri.
382 2841 461 2893 cuius
481 2841 680 2895 conunentatio
700 2845 731 2894 ut
750 2842 834 2894 docta
853 2843 897 2894 est
915 2843 944 2894 et
962 2839 1117 2906 laboriosa,
1142 2838 1184 2891 ita
1203 2838 1285 2907 plura
1303 2837 1391 2891 habet
1409 2853 1482 2906 quae

196 2909 264 2962 mihi
289 2909 403 2978 quidem
428 2928 484 2963 non
513 2912 666 2980 probentur
687 2915 723 2981 (v.
744 2912 830 2964 etiam
855 2911 983 2965 Scbmalz
1008 2911 1036 2962 in
1060 2909 1191 2963 Bursiani
1215 2910 1264 2963 rel.
1284 2926 1348 2963 ann.
1369 2912 1440 2961 1884
1457 2907 1484 2961 Π

196 3001 222 3051 p.
238 2987 271 3033 39
283 2987 344 3049 sq).
383 2982 462 3035 velut
485 2982 573 3035 codex
596 2983 766 3036 Turonensis
791 2982 860 3035 mihi
884 2982 997 3035 omnino
1025 2981 1214 3036 eliminandus
1242 2980 1355 3034 videtur
1383 2982 1482 3049 utpote

195 3051 338 3105 derivatus
354 3070 368 3106 e
383 3052 512 3106 Parisino
527 3055 563 3122 (v.
573 3071 600 3122 p.
612 3054 701 3106 XVIII
716 3054 780 3107 adn.
792 3057 832 3123 2);
851 3053 925 3105 hunc
941 3056 1037 3106 autem
1051 3052 1172 3106 multum
1191 3053 1273 3105 abest
1287 3055 1319 3104 ut
1333 3054 1482 3122 tantopere

195 3122 346 3176 Harleiano
366 3124 496 3192 equidem
515 3124 613 3178 cedere
632 3127 729 3193 putem
743 3128 917 3194 quantopere
932 3124 1022 3178 voluit
1036 3123 1084 3177 ille
1101 3127 1223 3194 lp.120).
1257 3123 1370 3175 omnino
1385 3126 1483 3176 autem

195 3194 299 3247 iniuste
322 3194 382 3247 illic
407 3212 475 3265 prae
503 3195 583 3249 novis
611 3195 755 3249 codicibus
784 3199 937 3249 tractatum
966 3213 1026 3249 esse
1050 3196 1207 3248 Mediceum
1236 3210 1336 3247 censeo
1365 3193 1483 3262 eiusque

195 3265 394 3319 auctoritatem
413 3266 542 3336 plurimis
562 3266 632 3319 locis
651 3267 851 3320 vindicandam
870 3272 968 3320 contra
985 3266 1182 3334 Streicherum‚
1203 3265 1261 3319 sive
1276 3266 1351 3334 quod
1367 3264 1391 3318 is
1404 3270 1483 3319 vete·

196 3353 254 3461 repr
273 3336 441 3461 scqipturam
461 3354 549 3460 pocae
569 3338 629 3419 siue
648 3355 735 3392 causa
757 3338 923 3463 ptqqqhabqift
947 3338 1006 3462 sitve
1029 3338 1104 3460 qqod
1129 3337 1230 3461 stprptis
1255 3336 1408 3459 codicibusl
1424 3353 1483 3460 crp-

195 3425 224 3460 nr
246 3426 277 3460 us
364 3425 554 3462 comecuram
577 3428 637 3463 sine
660 3427 767 3464 uecessr
851 3427 884 3462 co
917 3427 935 3461 u
956 3428 986 3462 r.
1026 3426 1055 3462 se
1081 3453 1087 3476 ,
1115 3427 1132 3461 u
1190 3426 1241 3474 nu,
1270 3426 1298 3461 m
1357 3424 1375 3460 a
1408 3424 1483 3461 aue.

195 3477 297 3549 dignus
316 3478 445 3533 laboret
464 3480 593 3533 doct-rina
614 3480 767 3550 scriptoris.
937 3428 956 3479 g
1299 3425 1356 3478 agn

283 3553 309 3618 a)
328 3568 362 3603 ne
381 3551 449 3618 quid
464 3552 613 3604 omittatur
628 3553 702 3620 quod
718 3553 755 3606 ad
768 3552 947 3606 efficiendam
961 3551 1075 3622 plenam
1090 3550 1195 3603 codicis
1211 3550 1364 3621 imaginem
1384 3548 1484 3615 faciat,

194 3638 227 3673 ex
246 3621 431 3691 Thompsonis
450 3623 639 3691 descriptione
657 3623 727 3677 haec
747 3626 939 3693 excerpuntor.
975 3622 1044 3676 ‘The
1064 3622 1144 3675 ruled
1163 3621 1235 3675 lines
1255 3638 1303 3675 are
1329 3621 1426 3673 drawn
1446 3637 1484 3673 on

194 3708 245 3744 one
266 3692 325 3745 side
345 3693 376 3745 os
392 3694 439 3746 the
459 3694 520 3746 leaf
535 3694 604 3747 with
628 3712 645 3746 a
668 3695 738 3747 hard
763 3695 850 3764 point.
884 3695 943 3748 The
967 3693 1072 3747 vellum
1096 3693 1119 3745 is
1144 3710 1248 3747 coarse.
1285 3691 1343 3746 The
1368 3691 1485 3762 writing

194 3762 265 3815 isin
285 3763 453 3817 minusculas
473 3766 504 3817 of
521 3766 642 3819 German
660 3769 727 3836 type
747 3767 779 3819 os
794 3766 841 3819 the
863 3766 949 3819 latter
962 3768 1027 3834 part
1041 3765 1073 3816 of
1084 3764 1133 3817 the
1149 3764 1214 3817 llth
1232 3767 1356 3830 century.
1391 3762 1483 3815 Tities

194 3850 241 3886 are
261 3834 290 3886 in
310 3835 391 3888 small
410 3835 497 3888 rustic
517 3836 646 3905 capitale.
680 3838 770 3891 There
789 3855 836 3890 are
856 3843 889 3889 36
904 3837 975 3889 lines
995 3837 1027 3889 of
1043 3835 1158 3905 writing
1182 3839 1211 3888 to
1236 3835 1285 3888 the
1307 3849 1388 3904 page.
1422 3834 1483 3887 The

194 3905 270 3957 hand
290 3905 361 3957 chan
383 3923 412 3958 es
432 3907 501 3959 with
519 3907 567 3960 the
588 3908 664 3961 third
679 3909 757 3976 quire
776 3942 805 3948 --
821 3912 898 3976 quat.
915 3914 944 3963 3:
965 3907 1012 3960 iol.
1029 3912 1133 3959 13-20
1152 3939 1191 3973 -,
1214 3907 1260 3959 the
1277 3905 1368 3958 scribe
1382 3904 1483 3975 begin-

195 3974 264 4046 ning
282 3974 311 4028 in
331 3994 348 4028 a
363 3925 445 4047 large
469 3978 553 4045 style,
583 3978 674 4031 which
698 3980 827 4033 however
850 3979 885 4032 he
909 3979 1056 4032 abandons
1080 3979 1153 4031 after
1176 3978 1291 4047 writing
1313 3981 1369 4029 two
1394 3991 1483 4046 pages

195 4046 224 4109 (l'.
241 4052 294 4114 13),
313 4048 387 4100 alter
404 4047 496 4100 which
516 4049 563 4102 the
582 4049 680 4102 letters
700 4055 792 4104 revort
811 4055 839 4102 to
859 4051 908 4103 the
927 4049 1037 4103 normal
1057 4050 1201 4102 standard.
1235 4049 1293 4102 The
1316 4048 1402 4100 lower
1420 4046 1486 4099 half

195 4117 226 4170 of
242 4117 260 4172 f.
276 4118 329 4170 *20¹¹
349 4118 372 4170 is
392 4118 444 4171 left
463 4119 558 4173 blank.
592 4120 650 4173 The
671 4121 727 4173 last
745 4121 806 4174 leaf
822 4122 853 4173 of
870 4121 918 4173 the
938 4121 1032 4174 fourth
1051 4121 1139 4189 quire,
1161 4122 1178 4176 f.
1195 4118 1257 4186 30¹²,
1278 4137 1335 4173 was
1354 4117 1414 4170 also
1430 4117 1484 4170 lest

195 4188 290 4256 blank,
311 4190 417 4242 buton
437 4189 459 4242 it
479 4207 549 4243 were
570 4190 711 4244 inscribed
730 4191 760 4243 in
779 4193 827 4244 the
848 4192 914 4244 rath
933 4194 1050 4259 century
1070 4209 1147 4245 some
1166 4207 1273 4258 verses,
1301 4190 1353 4243 ‘De
1373 4206 1435 4241 sum
1455 4192 1484 4242 et-

658 4262 675 4285 .‚
841 4261 846 4271 .
1104 4263 1109 4272 .
1181 4263 1186 4272 .
1302 4262 1307 4274 .
1365 4267 1374 4294 r

195 4261 407 4410 recussu
420 4262 1483 4403 anciranhrrsdsuhhlrusasscensu

195 4400 294 4524 beqms
314 4402 343 4455 in
362 4402 420 4456 line
436 4410 451 4456 ὁ
471 4404 503 4456 of
519 4404 536 4457 f.
553 4409 586 4456 32
607 4405 663 4457 and
678 4423 744 4457 runs
759 4424 795 4459 on
810 4408 839 4457 to
855 4404 872 4458 f.
889 4410 931 4460 66.
961 4405 986 4457 lt
1001 4404 1024 4456 is
1039 4421 1115 4459 more
1130 4405 1250 4475 sloping‚
1270 4405 1365 4457 rather
1379 4402 1484 4525 larffier,

196 4489 232 4525 an
270 4490 346 4526 more
366 4474 473 4543 loosely
492 4475 604 4528 written
623 4475 693 4529 than
717 4477 765 4531 the
789 4475 898 4529 normal
926 4476 999 4545 style
1023 4476 1055 4528 ol
1075 4477 1123 4530 the
1142 4477 1210 4531 Ms’
1255 4509 1260 4514 -
1286 4474 1386 4528 addita
1410 4473 1430 4525 li
1452 4492 1483 4526 ro

196 4542 347 4623 Clarkiauc
366 4550 410 4624 est
429 4546 528 4600 tabula
547 4546 718 4601 Miloniauae
739 4547 874 4602 orationis
894 4547 1049 4629 particulas
1075 4551 1298 4618 repraesentans.
1319 4577 1352 4585 —
1372 4545 1409 4597 ad
1429 4545 1484 4596 ori·

196 4631 290 4683 gruem
310 4616 414 4668 cod1cis
429 4619 504 4685 quod
520 4618 631 4686 attinet,
652 4620 753 4673 docent
767 4621 811 4674 vel
827 4622 921 4689 spatra
936 4637 1026 4672 vacua
1040 4619 1140 4673 relicta
1154 4619 1228 4672 inter
1242 4617 1336 4688 plures
1351 4616 1483 4669 librarios

197 4684 294 4737 eodem
313 4688 438 4754 tempore
457 4689 641 4757 praestitutas
660 4692 815 4760 particulas
835 4691 1014 4744 conficientes
1033 4691 1119 4743 fuisse
1141 4689 1320 4760 dispertitum
1341 4687 1484 4741 scribendi

197 4755 329 4811 laborem.
368 4757 443 4824 quod
467 4776 529 4812 cum
552 4762 609 4813 fere
632 4762 712 4815 fieret
736 4763 777 4815 ita
801 4767 832 4816 ut
860 4764 935 4829 quod
963 4762 1205 4815 transcribendum
1234 4763 1296 4814 erat
1323 4758 1483 4829 exemplum

196 4827 379 4897 archetypum
390 4828 557 4883 dissolutum
568 4833 728 4886 traderetur
736 4833 862 4888 librariis
872 4838 908 4901 (v.
919 4833 1109 4887 Wnttenbach
1122 4832 1342 4887 ‘Schriftwesen’
1354 4850 1381 4900 p.
1393 4832 1483 4900 368²),
