3314 5460
169 369 235 432 412
622 369 659 424 Μ.
679 368 786 423 TVLLI
804 367 993 425 CICERONIS

170 533 305 599 minime
328 534 547 619 aspernandus
571 554 642 598 esse
666 533 826 616 videatur3
850 556 945 618 spero
969 539 1079 598 autem
1103 534 1195 599 illum
1220 534 1367 600 ordinem
1389 556 1452 620 pro

171 641 252 706 meis
276 642 318 707 ob
343 663 409 706 rem
433 664 463 726 p.
488 640 648 725 susceptis
671 640 838 706 laboribus
862 663 912 705 me
936 663 1002 706 non
1025 640 1195 727 indignum
1221 641 1360 727 honore,
1386 642 1453 707 usi-

170 753 241 813 tato
260 748 461 833 praesertim,
485 747 755 812 existimaturum.
793 748 878 831 quod
898 748 927 813 si
945 748 994 813 ita
1013 748 1084 833 erit,
1105 753 1235 814 tantum
1254 771 1293 814 ex
1312 753 1344 814 te
1363 754 1453 834 peta,

171 855 257 939 quod
280 854 476 920 amicissime
500 855 631 937 scribis,
663 857 714 938 ut,
744 877 817 919 cum
845 858 903 919 tuo
932 855 1064 940 iudicio,
1097 856 1182 938 quod
1211 854 1453 940 amplissimum

171 983 241 1027 esse
261 962 440 1046 arbitraris,
459 961 540 1027 mihi
555 962 719 1046 tribueris,
739 962 767 1026 si
781 961 823 1045 id,
842 962 928 1045 quod
943 962 1097 1040 maluero,
1116 962 1277 1043 acciderit,
1293 963 1452 1048 gaudeas:
1480 988 1493 1030 s

170 1069 216 1134 sic
236 1069 322 1134 enim
341 1069 457 1134 fecisse
476 1074 508 1134 te
523 1074 556 1134 et
571 1069 710 1134 sensisse
726 1073 759 1134 et
773 1068 942 1154 scripsisse
959 1068 1063 1153 videa,
1081 1089 1196 1152 resque
1214 1068 1286 1152 ipsa
1304 1051 1457 1134 declarat*

171 1176 230 1240 tibi
255 1176 348 1240 illurn
372 1177 529 1242 honorem
556 1181 704 1241 nostrum
735 1176 984 1261 supplicationis
1012 1176 1188 1240 iucundum
1215 1175 1330 1258 fuisse,
1363 1176 1457 1260 quod

170 1282 340 1347 scribendo
365 1283 511 1368 adfiliati3
533 1284 614 1348 haec
638 1281 724 1347 enim
748 1287 880 1348 senatus
904 1284 1055 1348 consulta
1075 1303 1142 1348 non
1165 1284 1282 1368 ignoro
1305 1281 1348 1347 ab
1372 1283 1454 1348 ami-

170 1390 310 1455 cissimis
329 1389 407 1473 eius,
432 1390 523 1455 cuius
541 1390 623 1474 <de>
641 1391 764 1455 honore
784 1390 902 1476 agitur,
926 1390 1025 1455 scribi
1044 1391 1156 1455 solere.
1194 1411 1265 1475 ego,
1287 1393 1326 1455 ut
1344 1411 1454 1475 spero,

170 1500 203 1561 te
226 1497 414 1582 propediem
438 1498 564 1582 videbo,
586 1501 684 1580 atque
708 1497 834 1561 utinam
858 1519 892 1561 re
916 1521 946 1582 p.
971 1497 1114 1582 meliore,
1138 1519 1236 1582 quam
1259 1496 1374 1562 timeo!
1469 1523 1495 1563 ro

717 1726 789 1793 vn.
812 1727 894 1816 (se.)

232 1871 274 1936 n.
300 1869 460 1936 cronno
483 1868 660 1936 Paocos.
686 1869 717 1935 s.
742 1871 780 1935 n.
805 1870 838 1937 c.
862 1869 1103 1938 unacumo
1128 1869 1218 1937 cos
1241 1869 1388 1936 unsre.

258 2012 401 2078 Maxima
425 2036 496 2078 sum
520 2014 648 2079 laetitia
671 2013 827 2098 adfectus,
850 2037 923 2079 cum
948 2014 1055 2080 audivi
1080 2013 1245 2079 consulem
1269 2016 1301 2078 te
1326 2013 1454 2078 factum

170 2144 250 2206 ease,
273 2142 410 2204 eumque
433 2120 591 2186 honorem
614 2120 676 2185 tibi
701 2122 777 2186 deos
801 2121 969 2187 fortunare
992 2121 1068 2186 volo
1092 2124 1190 2205 atque
1214 2124 1284 2185 ate
1308 2142 1367 2204 pro
1394 2125 1455 2184 tua

169 2228 376 2312 parentisque
404 2228 453 2292 tui
477 2229 637 2313 dignitate
668 2227 905 2312 administrari,
931 2251 1008 2293 nam
1032 2250 1105 2293 cum
1128 2230 1161 2292 te
1190 2249 1319 2311 semper
1342 2225 1496 2292 amasiis

168 2335 340 2419 ‹lilexique,
363 2338 434 2398 tum
458 2335 523 2399 mei
547 2336 808 2400 amantissimum
832 2336 970 2421 cognovi
988 2335 1024 2399 in
1046 2335 1135 2400 omni
1159 2333 1316 2399 varietate
1340 2355 1453 2398 rerum

168 2464 327 2526 mearum,
360 2446 429 2506 tum
453 2441 557 2525 patris
581 2441 630 2506 tui
662 2441 810 2525 pluribus
838 2441 1004 2506 beneficiis
1027 2442 1078 2506 vel
1111 2440 1260 2506 defensus
1293 2439 1453 2505 tristibus

168 2548 372 2632 temporibus
391 2547 441 2612 vel
466 2551 601 2612 ornatus
625 2546 774 2612 secundis
797 2551 830 2611 et
854 2569 926 2611 snm
950 2551 1040 2612 totus
1064 2552 1172 2612 vester
1190 2552 1224 2612 et
1242 2568 1313 2611 esse
1336 2546 1455 2631 debeo,

168 2677 242 2720 cum
269 2654 461 2740 praesertim
489 2654 604 2718 matris
633 2659 723 2736 tuae,
756 2653 967 2738 gravissimae
991 2659 1089 2739 atque
1123 2654 1266 2738 optimae
1295 2652 1455 2737 feminae,

169 2762 292 2827 maiora
324 2782 402 2847 erga
430 2761 568 2826 salutem
601 2759 859 2846 dignitatemque
892 2783 998 2826 meam
1027 2761 1149 2844 studia,
1182 2782 1279 2845 quam
1308 2763 1406 2825 erant
1435 2784 1455 2824 a
1469 2787 1520 2829 acu

168 2868 302 2932 muliere
327 2866 531 2951 postulanda,
555 2867 785 2951 perspexerim.
823 2874 1021 2952 quapropter
1044 2891 1063 2932 a
1086 2871 1214 2953 tapeto
1234 2867 1267 2931 in
1290 2866 1455 2932 maiorem

170 2975 309 3057 modum,
334 2978 370 3039 ut
394 2997 445 3039 me
469 2975 638 3038 absentem
661 2973 780 3059 diligas
805 2978 902 3058 atque
926 2974 1087 3040 defendas.

706 3204 799 3269 vin.
823 3203 904 3292 (eo.)

239 3346 282 3411 n.
307 3345 464 3413 cronno
487 3346 667 3413 Paocos.
692 3346 723 3413 s.
747 3346 786 3412 u.
811 3345 844 3413 o.
870 3346 1110 3414 nuaonmo
1135 3345 1385 3414 conrasas.

257 3489 447 3556 Marcellum
476 3496 569 3556 tuum
598 3513 663 3555 cos.
693 3491 816 3557 factum
844 3496 940 3577 teque
964 3513 1002 3556 ea
1028 3491 1156 3556 laetitia
1180 3489 1345 3555 adfectum
1371 3513 1457 3578 esse,
1471 3519 1497 3559 aa

168 3621 266 3684 quam
296 3597 436 3662 maxime
469 3598 605 3682 optasti,
638 3598 821 3663 mirandum
849 3597 883 3662 in
911 3599 1043 3664 modum
1071 3599 1210 3685 gaudeo,
1242 3595 1341 3682 idque
1377 3621 1456 3665 cum

168 3705 271 3790 ipsius
291 3727 397 3788 causa,
420 3708 489 3769 tum
510 3706 595 3789 quod
615 3709 647 3770 te
668 3705 819 3770 omnibus
839 3704 1082 3771 secundissimis
1103 3705 1199 3770 rebus
1219 3703 1456 3790 dignissimum

167 3810 284 3895 iudico,
308 3810 400 3876 cuius
424 3833 503 3897 erga
527 3834 577 3876 me
602 3812 801 3897 singularem
824 3811 1086 3877 benevolentiam
1108 3810 1160 3877 vel
1178 3811 1213 3875 in
1236 3809 1352 3877 labore
1378 3836 1455 3878 meo

168 3919 217 3983 vel
242 3919 276 3982 in
300 3918 422 3983 honore
446 3917 609 4003 perspexi,
633 3922 739 3983 totam
762 3919 899 4002 denique
924 3921 1055 3984 domum
1082 3922 1224 3984 vestram
1251 3918 1304 3983 rel
1332 3919 1456 3985 salutis

168 4025 218 4090 vel
243 4025 415 4111 dignitatis
435 4047 525 4090 meae
545 4025 822 4090 studiosissimam
840 4025 1148 4111 cupidissimamque
1167 4025 1315 4111 cognovi.
1349 4048 1455 4110 quare
1470 4053 1497 4093 so

169 4136 298 4217 gratum
317 4131 398 4196 mihi
417 4131 542 4216 feceris,
561 4132 588 4196 si
608 4132 700 4196 uxori
720 4135 795 4196 tuae
814 4132 935 4216 Iuniae,
955 4133 1167 4217 gravissimae
1186 4136 1285 4216 atque
1304 4133 1457 4217 optimae

256 4330 281 4378 6.
302 4323 342 4377 sic
362 4325 433 4391 MD,
453 4327 482 4378 ct
500 4324 540 4378 sic
559 4323 623 4377 ΡΗ
634 4328 643 4392 11
657 4330 681 4378 9.
702 4323 781 4397 <de>
801 4325 905 4380 honore
925 4343 949 4392 ς,
968 4325 1073 4380 honore
1091 4326 1156 4393 ΨΡ,
1175 4325 1264 4379 honor
1283 4325 1457 4381 Gulielmius

166 4403 191 4450 et
209 4398 309 4450 Baiter
327 4398 336 4464 11
355 4411 407 4464 ego
427 4397 502 4463 MD,
521 4398 550 4449 et
569 4412 621 4465 ego
643 4396 678 4461 F,
697 4399 731 4463 >
746 4399 764 4464 (ι
780 4398 818 4465 et)
837 4413 889 4466 ego
910 4397 1019 4466 Η110.
1038 4413 1068 4451 re
1086 4415 1113 4467 p.
1132 4395 1276 4451 meliorem
1295 4396 1343 4456 M,
1364 4396 1407 4451 rei
1426 4415 1455 4467 p.

166 4467 310 4520 meliorem
325 4465 417 4521 ΕΗΒ
430 4470 439 4535 11
454 4473 495 4521 12.
514 4468 585 4520 banc
603 4468 748 4535 epistulam
767 4470 798 4520 ia
811 4469 949 4522 codicibus
959 4469 1099 4537 praecedit
1112 4485 1188 4523 nona
1200 4469 1210 4537 1
1224 4464 1252 4522 C.
1268 4485 1293 4533 ς,
1312 4466 1351 4521 Μ.
1372 4469 1434 4522 ‘FF
1446 4471 1456 4533 ,Γ

168 4543 209 4592 13.
228 4540 257 4591 et
276 4536 401 4590 maxima
420 4539 450 4591 F
468 4540 478 4606 11
497 4544 538 4592 15,
558 4541 592 4605 >
606 4554 673 4591 nam
692 4538 730 4604 H,
750 4540 780 4592 et
797 4556 863 4591 nam
886 4539 915 4592 F
935 4543 945 4608 11
968 4557 1031 4593 cum
1050 4555 1159 4608 semper
1181 4544 1209 4604 te
1228 4540 1299 4606 (exp.
1318 4556 1356 4593 m.
1377 4542 1406 4608 2)
1425 4542 1455 4593 te

167 4607 262 4661 amani
281 4609 334 4674 ΗΙΙ
349 4614 389 4663 16.
409 4611 470 4662 tum
488 4607 555 4679 mei]
576 4625 640 4662 cum
657 4607 713 4661 mei
733 4627 748 4666 ς
763 4612 772 4678 11
787 4609 907 4678 cognoui
926 4611 966 4677 M,
985 4612 1014 4664 te
1033 4609 1153 4680 cognoui
1172 4609 1262 4664 ΓΗΒ
1275 4611 1285 4678 1
1300 4615 1344 4664 17.
1364 4608 1454 4680 pluri-

167 4678 219 4731 mis
238 4680 265 4733 b.
285 4680 392 4748 111118.
414 4683 529 4733 ornatus
548 4697 599 4734 om.
616 4679 647 4732 F
656 4682 665 4747 11
678 4682 772 4734 nester
792 4682 831 4746 M,
853 4684 885 4734 ut
900 4682 991 4735 FHD
1004 4686 1013 4751 11
1030 4688 1070 4736 19,
1089 4680 1265 4762 grauissima,
1285 4678 1315 4733 ui
1334 4683 1369 4734 in
1388 4700 1454 4747 ras,

168 4749 206 4814 H,
221 4748 400 4819 gratissimae
415 4751 446 4803 F
457 4753 467 4819 11
481 4757 523 4805 20.
538 4767 602 4805 mea
619 4752 648 4804 F
659 4752 669 4818 1
683 4757 724 4804 21.
741 4751 770 4805 in
785 4753 856 4820 MD,
873 4755 903 4805 ut
920 4754 981 4807 ΓΗ
992 4756 1001 4821 1
1015 4759 1057 4808 30.
1073 4751 1208 4823 drgnitati
1223 4751 1259 4805 M
1269 4754 1279 4820 1
1293 4756 1336 4805 31.
1353 4751 1454 4808 Iuniae

167 4820 218 4875 del.
237 4820 373 4891 Pluygers
392 4822 534 4890 (Maenas.
556 4821 573 4876 l.
594 4827 670 4876 1873.
687 4842 716 4892 p.
737 4827 781 4892 63)
796 4826 805 4890 1
819 4823 998 4894 gratissimae
1017 4824 1081 4878 FH
