3286 5460
533 107 789 164 EPISTVLARVM
808 111 852 164 VI.
874 117 897 165 3.
919 119 942 165 4.

638 361 696 428 rr.
733 362 836 452 (284.)

399 523 443 590 M.
466 523 626 591 CICERO
653 524 684 592 S.
706 524 746 590 D.
770 524 809 591 Α.
831 524 1079 603 TORQVATO.

186 681 288 768 Novi,
320 686 406 770 quod
437 686 477 749 ad
505 691 537 751 te
565 686 757 771 scriberem,
788 687 870 752 nihil
902 691 988 772 erat,
1020 691 1053 751 et
1080 691 1205 775 tamen,
1238 690 1266 754 si
1299 690 1409 776 quid1

95 793 198 873 esset,
230 790 373 856 sciebam
402 796 435 858 te
463 815 483 857 a
509 793 575 858 tuis
603 794 777 859 certiorem
804 794 874 858 fieri
903 795 1020 881 solere3
1051 795 1090 860 de
1117 795 1237 868 futuris
1266 800 1375 862 autem

71 899 192 963 srebus
225 899 287 963 etsi
322 920 450 984 semper
486 899 653 966 difficilest
686 901 806 985 dicere,
843 905 953 966 tamen
989 901 1152 967 interdum
1189 903 1375 969 coniectura

94 1006 203 1090 possis
231 1006 366 1091 propius
393 1008 558 1092 accedere,
588 1029 659 1072 oum
689 1011 739 1074 est
767 1030 818 1073 res
847 1008 1018 1094 eiusmodi,
1048 1010 1140 1075 ouius
1168 1010 1275 1075 exitus
1303 1033 1375 1096 pro·

95 1113 197 1178 videri
231 1114 345 1198 possit.
395 1136 480 1178 nunc
513 1118 643 1179 tantum
675 1098 822 1180 videmur
854 1115 1055 1203 intellegere,
1087 1139 1154 1181 non
1186 1117 1374 1183 diuturnum

93 1219 226 1305 bellum,
250 1220 313 1286 etsi
335 1221 368 1285 id
392 1221 499 1305 ipsum
522 1222 688 1287 nonnullis
707 1222 854 1287 ridemur
877 1245 978 1288 secus.
1017 1223 1174 1307 equidem,
1198 1246 1271 1289 cum
1295 1224 1374 1290 haec

93 1327 290 1413 scribebam,
318 1328 441 1412 aliquid
469 1329 534 1393 iam
563 1333 674 1394 ectum
700 1329 858 1413 putabam
884 1333 979 1410 †non
1006 1353 1071 1415 quo
1099 1330 1155 1395 sed
1184 1330 1269 1414 quod
1293 1330 1375 1395 diffi-

51 1456 79 1495 ιο
93 1433 166 1498 cilis
198 1438 269 1499 erat
300 1435 503 1522 coniectura3
534 1458 626 1521 nam,
658 1458 732 1501 oum
765 1437 870 1501 omnis
903 1437 981 1501 belli
1010 1435 1099 1501 Mars
1132 1437 1313 1502 communis
1341 1442 1374 1503 et

92 1563 167 1606 cum
193 1562 321 1626 semper
348 1543 466 1607 incerti
489 1543 595 1608 exitus
619 1543 819 1627 proeliorum
847 1547 936 1628 sunt,
967 1547 1039 1607 tum
1067 1543 1129 1609 hoo
1157 1546 1303 1628 tempore
1326 1545 1374 1609 ita

91 1670 232 1734 magnae
264 1648 431 1733 utrimque
463 1648 575 1734 copiae
583 1701 591 1735 ,
626 1650 673 1715 ita
705 1654 838 1735 paratae
870 1651 911 1715 ad
943 1650 1193 1736 depugnandum
1225 1673 1296 1716 esse
1328 1651 1373 1716 di·

90 1760 226 1841 cuutur,
257 1759 309 1839 ut,
341 1759 552 1841 utercumque
580 1757 709 1841 vicerit,
738 1780 804 1822 non
835 1758 879 1822 sit
906 1758 1025 1821 mirum
1053 1758 1208 1822 futurum.
1253 1758 1311 1821 illa
1338 1759 1372 1823 in

87 1861 160 1927 dies
186 1863 335 1948 singulos
359 1863 464 1949 magis
488 1864 657 1950 magisque
678 1864 788 1948 opinio
811 1863 979 1929 homiuum
1000 1864 1220 1949 confirmatur,
1243 1864 1373 1929 etiamsi

10 1985 50 2025 ¹⁵
86 1970 178 2034 inter
207 1992 321 2034 causas
353 1992 518 2034 armorum
548 1970 753 2055 aliquantum
784 1969 931 2056 intersit,
964 1975 1076 2036 tamen
1105 1971 1191 2036 inter
1218 1972 1373 2036 victorias

79 2099 157 2142 non
176 2078 319 2141 multum
342 2077 589 2141 interfuturum:
612 2078 733 2142 alteros
757 2078 991 2162 propemodum
1014 2079 1079 2142 iam
1104 2100 1215 2142 sumus
1239 2079 1372 2165 experti,

78 2185 127 2249 de
154 2184 270 2269 altero,
293 2206 388 2249 nemo
412 2188 463 2249 est
486 2185 564 2267 quin
587 2186 720 2271 cogitet,
743 2208 840 2271 quam
863 2186 907 2249 sit
931 2185 1121 2249 metuendus
1144 2185 1247 2249 iratus
1267 2187 1372 2251 victor

77 2295 248 2358 armatus.
298 2291 361 2356 hoo
393 2291 465 2356 loco
498 2291 527 2355 si
558 2293 670 2357 videor
702 2314 820 2378 augere
854 2293 999 2358 dolorem
1031 2296 1140 2376 tuum,
1173 2314 1269 2376 quem
1299 2310 1406 2358 eon-2

71 2398 228 2465 solando
257 2399 365 2463 levare
395 2397 542 2483 debeam,
574 2400 681 2465 fateor
708 2422 758 2464 me
788 2400 1008 2465 communium
1039 2398 1199 2463 malorum
1228 2399 1371 2464 consola-

10 2522 26 2558 ·
69 2507 215 2572 tionem
233 2505 359 2569 nullam
381 2504 525 2570 invenire
544 2511 673 2590 praeter
696 2507 787 2571 illam
805 2529 950 2591 -quae
974 2512 1094 2591 tamen,
1117 2507 1146 2570 si
1169 2506 1275 2590 possis
1299 2528 1370 2572 eam

63 2613 271 2697 suscipere,
305 2612 448 2676 maxima
480 2618 530 2676 est
563 2634 691 2698 quaque
724 2635 785 2699 ego
818 2614 936 2678 cotidie
968 2613 1073 2701 magia
1106 2617 1182 2678 utor
1204 2638 1266 2678 -ε
1298 2634 1370 2678 con·

60 2719 262 2786 scientiam
299 2723 406 2783 rectae
438 2719 618 2785 voluntatis
651 2721 826 2785 maximam
863 2721 1120 2787 consolationem
1154 2742 1224 2786 esse
1263 2743 1370 2785 rerum

58 2826 369 2892 incommodarum
399 2849 458 2891 nec
486 2847 556 2892 esse
583 2827 687 2891 ullum
720 2849 876 2913 magnum
909 2828 1030 2892 malum
1063 2831 1193 2911 praeter
1226 2828 1369 2911 culpam:

55 2958 102 2999 a
127 2956 196 3017 qua
220 2933 374 3018 quoniam
393 2937 522 2999 tantum
541 2936 706 3019 absumus,
729 2940 766 2999 ut
785 2936 885 3000 etiam
905 2935 1026 3020 optime
1047 2934 1254 3019 senserimus,
1277 2956 1369 2998 even·

55 3046 209 3125 tueque
241 3039 348 3127 magis
379 3041 485 3106 nostri
523 3040 649 3106 consilii
688 3063 784 3126 quam
822 3041 993 3106 consilium
1030 3041 1299 3125 reprehendatur,
1336 3044 1369 3104 et

57 3147 244 3232 quoniam
282 3148 524 3234 praestitimus,
560 3149 645 3232 quod
683 3148 869 3233 debuimus,
907 3149 1088 3233 moderate,
1128 3148 1214 3231 quod
1254 3148 1368 3231 evenit,

54 3255 240 3323 feramus.
287 3255 343 3319 sed
371 3254 433 3320 hoc
462 3255 543 3319 mihi
571 3258 682 3319 tamen
704 3276 770 3319 non
798 3277 905 3339 sumo,
932 3259 970 3319 ut
993 3259 1026 3319 te
1051 3253 1199 3319 consoler
1223 3254 1261 3319 de
1285 3275 1369 3319 com·

59 3362 243 3430 munibus
276 3361 433 3446 miseriis,
471 3384 552 3446 quae
590 3363 630 3426 ad
667 3362 900 3427 consolandum
936 3362 1069 3427 maioris
1106 3361 1229 3446 ingenii
1262 3364 1296 3425 et
1328 3361 1368 3425 ad

57 3487 142 3503 ,χω
189 3492 242 3496 -..

177 3561 203 3610 3.
223 3555 299 3623 quod
322 3556 364 3619 R,
388 3555 457 3623 quid
480 3556 542 3611 ΜΘ
565 3558 574 3624 ΙΙ
598 3561 621 3610 b.
647 3553 791 3609 difficilest
808 3556 867 3624 M1,
892 3554 1007 3610 difficile
1031 3558 1075 3609 est
1093 3554 1205 3611 M⁰GR
1228 3556 1237 3622 ΙΙ
1260 3559 1285 3608 6,
1305 3570 1368 3615 curn

55 3638 134 3685 rer
153 3629 199 3680 est
223 3626 384 3681 huiusmodi
403 3627 431 3682 R
454 3629 464 3695 ΙΙ
487 3632 511 3681 7.
532 3632 555 3681 8.
576 3626 743 3699 (futurum)
767 3627 874 3681 bellum
897 3629 1009 3694 Baiter,
1031 3625 1137 3680 bellum
1160 3625 1263 3752 lm>
1283 3626 1367 3679 Lam·

51 3694 169 3755 binus
182 3700 192 3767 ΙΙ
207 3705 230 3751 8.
251 3697 380 3752 uidemur
393 3699 463 3766 MG,
483 3698 596 3752 uidetur
609 3698 645 3753 R.
665 3700 697 3753 dc
717 3714 795 3752 secus
811 3719 834 3753 o.
849 3700 884 3766 cf.
900 3699 972 3754 Boot
986 3699 1023 3752 ad
1040 3696 1094 3753 Oic.
1109 3699 1147 3752 ud
1189 3697 1367 3765 rt.1‚19‚11il

49 3774 97 3822 9.
129 3770 175 3822 10,
194 3786 251 3823 non
270 3786 325 3837 quo
345 3768 394 3823 sed
413 3770 488 3837 quod
508 3768 644 3841 difficilis]
663 3771 714 3823 Μο
732 3771 773 3824 cel
791 3771 840 3823 Mr
866 3770 896 3823 in
920 3787 970 3840 ηιμ.
994 3771 1112 3835 defectio
1134 3770 1243 3840 siquam
1261 3769 1299 3822 cd
1318 3768 1367 3821 sed

45 3832 203 3893 relatum
223 3843 325 3909 posrcit.
354 3857 411 3893 non
430 3857 485 3908 quo
505 3840 578 3911 <ego
598 3845 673 3894 certo
693 3840 802 3913 sciam>
828 3843 890 3909 (ulii
909 3840 1062 3966 <sciremg)
1081 3841 1130 3893 sed
1154 3839 1229 3908 quod
1248 3838 1368 3912 (haud)

41 3907 90 3957 d.
122 3923 158 3977 ς,
180 3928 235 3965 non
254 3929 310 3980 quo
326 3943 402 3951 -—-
420 3912 469 3966 sed
488 3911 573 3980 quid?
593 3911 619 3966 d.
641 3913 735 3980 Orelli,
753 3929 810 3966 uon
828 3913 975 3981 quomodo,
996 3929 1024 3966 se
1059 3911 1136 3981 quid,
1156 3910 1182 3966 d.
1198 3912 1367 3982 Wesenberp,

38 3973 123 4028 sed
167 3982 235 4050 quid
262 3985 368 4037 mnissis
394 4000 450 4037 non
478 4000 533 4051 quo
560 4001 585 4037 v.
610 3983 715 4038 Sctdtr.
748 3987 901 4052 scripserim
927 3987 973 4053 (cf.
998 4002 1063 4038 anri.
1086 3985 1155 4052 pail.
1177 3987 1245 4035 1891
1263 4001 1292 4051 p.
1308 3984 1366 4051 75):

34 4045 224 4113 putabam
244 4086 276 4094 —
295 4071 352 4108 non
370 4072 426 4122 quo
445 4055 598 4110 secundum
617 4071 699 4122 quos:
724 4055 847 4108 difficilis
867 4058 928 4109 erat
947 4055 1118 4121 coniectura3
1137 4071 1210 4108 uam.
1238 4061 1317 4124 atque
1335 4056 1367 4106 iri

32 4129 126 4167 ¹¹0ss
175 4142 228 4193 quo
255 4127 363 4196 quidem
389 4128 477 4180 verbis
502 4127 586 4195 facile
613 4128 788 4180 cremabitur
815 4128 918 4196 ellipsis
941 4159 975 4166 —
997 4134 1066 4182 recte
1092 4127 1236 4180 Lehmann
1263 4130 1303 4194 (p.
1320 4128 1365 4193 81)

31 4213 206 4266 contum
225 4213 278 4269 ore.
298 4216 336 4269 ad
353 4215 412 4270 Art.
430 4215 464 4284 V,
480 4220 504 4284 4,
523 4223 533 4268 1
552 4247 597 4284 —‚
613 4214 775 4269 'secundum
793 4215 862 4286 (scd)
881 4233 951 4283 quos
969 4222 1001 4270 ut
1019 4217 1101 4281 facile
1127 4215 1246 4281 efficitur
1265 4230 1299 4268 ex
1317 4213 1366 4268 sed

33 4279 182 4348 quod,
207 4286 246 4338 ito
272 4288 437 4340 translatam
460 4306 478 4340 a
500 4288 623 4340 iudicum
650 4289 784 4341 sententio
810 4289 855 4354 (cs.
880 4288 1049 4342 Studemuud
1080 4287 1245 4340 ‘Brcslauer
1268 4285 1364 4354 philol.

35 4340 240 4408 Abhandv
261 4356 296 4424 11,
311 4362 334 4410 3.
356 4362 432 4412 1888.
448 4377 477 4427 p.
493 4357 606 4426 XXVII)
629 4360 667 4411 uri
690 4357 796 4413 Martis
819 4361 953 4413 iudr'sium
979 4360 1010 4411 iri
1035 4358 1180 4426 epistulari
1204 4358 1366 4425 praesertim

39 4407 216 4478 libertati
232 4443 288 4480 sorr
307 4429 425 4493 offendit.
454 4431 488 4496 cf.
508 4432 590 4483 etrum
607 4429 670 4482 Tac.
685 4431 744 4484 hist.
761 4430 807 4497 Ill,
824 4436 852 4483 7.·
873 4430 949 4498 ‘post
966 4427 1105 4499 principia
1124 4427 1193 4482 belli
1213 4427 1366 4482 secundum

43 4473 244 4548 E'hviunoa
262 4495 340 4549 duts’
360 4500 369 4567 ΙΙ
388 4505 428 4554 17.
448 4501 544 4570 quam]
564 4517 627 4553 cum
646 4503 672 4552 Ω
690 4503 699 4570 ΙΙ
720 4505 759 4554 18.
780 4503 918 4572 engeren,
939 4506 952 4554 1
974 4502 1026 4556 liu.
1045 4519 1092 4568 er,
1110 4500 1173 4555 MR
1190 4502 1200 4568 ΙΙ
1219 4504 1260 4553 19.
1282 4499 1365 4553 debe·

191 4581 200 4591 ”
212 4567 221 4600 ¹
232 4566 367 4621 maiorum
385 4571 421 4623 Μ
430 4573 439 4639 ΙΙ
453 4576 494 4625 28.
514 4588 587 4640 quse
605 4571 675 4645 (st)
695 4571 731 4625 ad
750 4574 802 4626 clii
