3314 5460
466 359 721 414 EPISTVLARVM
740 360 812 414 XIII.
833 364 874 414 45.
895 366 936 415 46.
956 366 998 415 47.
1018 366 1060 414 48.
1080 367 1121 416 49.
1142 368 1185 416 50.
1398 363 1463 427 369

683 574 834 642 xnvm.
866 573 972 662 (rac.)

335 714 494 783 oronao
520 716 554 784 c.
575 715 775 783 snxrnno
799 717 918 783 avuo
944 716 1198 795 QVAESTORI
1223 717 1255 784 s,
1278 718 1317 784 n.

277 858 392 925 Omnis
416 861 478 925 tibi
502 861 691 926 commendo
716 859 869 946 Cyprios,
898 861 953 926 sed
977 861 1083 947 magis
1106 861 1263 947 Paphios,
1286 862 1404 946 quibus
1429 867 1465 927 tu

186 989 409 1051 quaecumque
433 967 658 1045 commodaris,
682 972 778 1032 erunt
801 967 881 1032 mihi
905 968 1110 1053 gratissima,
1133 991 1233 1053 eoque
1257 967 1341 1034 facio
1365 969 1465 1033 liben-

154 1074 263 1157 stius,
286 1078 323 1137 ut
346 1096 402 1139 eos
425 1074 487 1139 tibi
509 1075 743 1158 commendem,
767 1075 852 1159 quod
876 1079 909 1139 et
932 1078 1007 1139 tuae
1031 1074 1133 1159 laudi,
1156 1075 1247 1140 cuius
1271 1097 1332 1161 ego
1356 1076 1465 1141 fautor

187 1203 269 1264 sum,
284 1181 461 1246 conducere
476 1182 628 1266 arbitror,
643 1204 716 1247 cum
733 1180 858 1265 primus
872 1182 908 1246 in
922 1203 994 1246 eam
1008 1181 1147 1246 insulam
1163 1186 1317 1266 quaestor
1330 1184 1464 1266 veneris,

185 1310 225 1352 ea
248 1292 280 1352 te
304 1287 486 1371 instituere,
510 1310 591 1373 quae
615 1292 792 1371 sequantur
815 1288 880 1371 alii,
905 1310 996 1372 quae,
1018 1293 1057 1353 ut
1080 1311 1184 1373 spero,
1207 1288 1335 1354 facilius
1355 1311 1464 1354 conse

186 1415 294 1478 quere,
317 1393 345 1457 si
369 1397 402 1458 et
425 1392 459 1457 P.
477 1392 619 1479 Lentuli,
642 1394 817 1459 necessarii
839 1394 897 1479 tui,
921 1394 1028 1480 legem
1051 1400 1085 1461 et
1107 1417 1154 1480 ea,
1177 1417 1260 1479 quae
1279 1418 1299 1460 a
1316 1418 1368 1460 me
1389 1419 1463 1461 con·

186 1501 305 1565 stituta
319 1505 403 1594 sunt,
423 1501 515 1585 sequi
528 1500 679 1585 volueris,
699 1523 797 1584 quam
812 1523 880 1566 rem
895 1501 958 1566 tibi
978 1502 1104 1567 confido
1124 1523 1262 1588 magnae
1277 1503 1365 1568 laudi
1384 1503 1462 1568 fore.

148 1715 173 1753 ω
699 1694 814 1762 xum.
846 1693 952 1784 (191.)

566 1835 726 1904 cronno
752 1836 884 1905 ovalo
908 1837 1085 1905 Paooos.

274 1980 310 2058 Q.
333 1980 509 2065 Pompeius
539 1979 610 2046 Sex.
638 1981 659 2045 f.
687 1982 799 2046 multis
827 1987 861 2048 et
888 1983 1051 2047 veteribus
1080 1983 1186 2047 causis
1214 1983 1460 2049 necessitudinis
1490 1997 1493 2001 ’

189 2089 265 2153 mibi
290 2089 481 2154 coniunctus
505 2093 572 2152 est:
596 2088 633 2173 is,
658 2111 732 2153 cum
755 2093 851 2154 antea
874 2089 955 2153 meis
979 2087 1313 2155 commendationibus
1337 2094 1370 2154 et
1392 2113 1461 2155 rem

190 2199 221 2259 et
241 2196 385 2282 gratiam
407 2199 440 2259 et
463 2195 692 2261 auctoritatem
717 2218 809 2260 suam
832 2197 917 2261 tueri
941 2197 1113 2280 consuerit,
1140 2219 1225 2261 nunc
1248 2196 1405 2282 profect0,
1428 2201 1461 2261 te

163 2303 386 2384 aprovinciam
410 2303 592 2387 optinente,
616 2303 696 2367 meis
719 2302 839 2366 litteris
864 2303 996 2386 adsequi
1020 2303 1129 2384 debet,
1152 2308 1190 2367 ut
1212 2304 1335 2368 nemini
1358 2327 1393 2369 se
1415 2303 1462 2368 in·

191 2409 322 2494 tellegat
341 2409 649 2474 commendatiorem
668 2432 823 2493 umquam
842 2409 953 2474 fuisse.
991 2410 1202 2493 quamobrem
1221 2414 1287 2475 ate
1304 2411 1461 2476 maiorem

192 2513 221 2578 in
241 2515 373 2581 modum
396 2520 482 2600 peto,
505 2519 559 2601 ut,
583 2538 657 2581 cum
681 2517 786 2581 omnis
810 2538 898 2581 meos
922 2537 1023 2599 aeque
1046 2537 1084 2581 ac
1107 2518 1183 2580 tuos
1207 2539 1378 2600 opservare
1400 2540 1460 2603 pro

191 2622 422 2687 necessitudine
446 2626 560 2687 nostra
583 2623 713 2701 debeas,
743 2623 830 2689 hunc
853 2624 888 2688 in
910 2623 1025 2706 primis
1050 2623 1097 2686 ita
1119 2623 1155 2687 in
1177 2627 1267 2688 tuam
1290 2624 1387 2690 fidem
1415 2647 1461 2689 re·

193 2727 295 2813 cipias,
319 2732 356 2792 ut
379 2729 448 2813 ipse
466 2729 638 2815 intellegat
655 2729 780 2794 nullam
798 2751 866 2794 rem
886 2729 949 2793 sibi
969 2728 1085 2794 maiori
1103 2731 1176 2795 usui
1196 2734 1252 2794 aut
1271 2735 1460 2796 ornamento

164 2848 284 2917 ²⁰quam
307 2857 415 2900 meam
438 2836 752 2901 commendationem
775 2858 845 2902 esse
869 2836 1024 2921 potuisse.
1064 2836 1144 2902 vale.

737 3028 773 3096 ι.
806 3028 912 3119 (au.)

592 3170 752 3239 cronno
779 3172 809 3239 s.
833 3172 873 3240 n.
896 3172 1056 3239 rouro.

273 3313 406 3400 Sumpsi
433 3315 495 3381 hoc
523 3316 604 3381 mihi
631 3339 691 3401 pro
719 3320 776 3381 tua
803 3316 837 3379 in
865 3338 916 3381 me
947 3317 1169 3401 opservantia,
1201 3341 1299 3402 quam
1330 3321 1493 3404 penitusl

187 3422 347 3505 perspexi,
378 3422 530 3506 quamdiu
553 3422 719 3487 Brundisii
742 3422 876 3507 fuimus,
903 3427 941 3487 ut
964 3423 1003 3487 ad
1027 3426 1060 3487 te
1083 3423 1289 3489 familiariter
1312 3429 1345 3490 et
1368 3427 1460 3510 quasi

155 3545 243 3611 apro
266 3550 339 3592 meo
362 3529 432 3593 iure
456 3529 640 3611 scriberem,
665 3529 692 3592 si
717 3551 798 3613 quae
821 3551 873 3593 res
897 3533 992 3613 esset,
1015 3529 1053 3593 de
1076 3552 1140 3613 qua
1158 3529 1250 3595 valde
1268 3530 1460 3597 laborarem.

183 3631 239 3698 Μ’.
259 3634 390 3717 Curius,
420 3636 476 3720 qui
499 3635 606 3700 Patris
629 3634 830 3721 negotiatur,
858 3636 906 3700 ita
929 3634 1009 3699 mihi
1032 3634 1203 3700 familiaris
1227 3640 1290 3720 est,
1317 3639 1356 3699 ut
1377 3637 1460 3701 nihil

182 3741 288 3824 possit
311 3764 381 3807 esse
405 3741 623 3808 coniunctius:
655 3742 760 3807 multa
782 3742 870 3806 illius
893 3742 928 3806 in
950 3764 1001 3807 me
1030 3742 1149 3824 officia,
1175 3743 1279 3806 multa
1305 3743 1340 3807 in
1367 3742 1461 3808 illum

183 3869 268 3932 mea,
298 3849 448 3933 quodque
472 3850 648 3914 maximum
671 3853 733 3934 est,
766 3871 911 3914 summus
938 3849 1110 3913 internos
1139 3871 1231 3914 amor
1258 3854 1292 3913 et
1318 3854 1460 3915 mutuus.

182 3976 265 4039 quae
294 3977 368 4021 cum
395 3956 443 4020 ita
470 3957 549 4040 sint,
580 3956 608 4020 si
635 3956 738 4020 ullam
764 3956 799 4019 in
827 3955 972 4020 amicitia
998 3977 1071 4019 mea
1098 3977 1189 4039 spem
1216 3954 1331 4038 habes,
1359 3957 1387 4020 si
1414 3968 1495 4040 aaa

141 4084 168 4123 ao
183 4083 266 4145 quae
295 4063 330 4126 in
357 4085 408 4128 me
437 4063 545 4129 officia
573 4067 665 4128 etst
651 4063 742 4127 tudia
768 4061 934 4126 Brundisii
962 4066 1039 4126 cont
1025 4062 1119 4126 tulist
1105 4062 1145 4144 ti,
1174 4062 1224 4127 vis
1252 4063 1334 4126 mihi
1362 4064 1461 4128 etiam

271 4243 405 4306 4eoque
423 4236 498 4291 facio
517 4238 563 4306 M,
583 4253 653 4305 eque
672 4235 742 4291 fatio
761 4237 803 4305 D,
823 4236 897 4290 facio
916 4237 1017 4305 Hl5·
1037 4236 1112 4305 quod
1131 4238 1171 4307 et]
1191 4236 1267 4306 quod
1285 4237 1439 4292 Lambinus
1452 4238 1461 4315 li

183 4312 206 4362 7.
226 4282 311 4376 quod,
331 4310 364 4362 ut
382 4325 463 4391 spero
477 4281 620 4363 Wesebbcr
638 4310 780 4375 ,iniuria
813 4310 848 4375 cf.
868 4308 1011 4362 Lehmann
1026 4327 1054 4376 p
1072 4312 1105 4362 78
1132 4310 1142 4376 Η
1169 4314 1193 4362 8.
1214 4317 1238 4363 9
1256 4307 1389 4362 instituta
1407 4298 1455 4361 H
1452 4334 1454 4389 p

181 4384 224 4433 11.
244 4377 357 4449 Curio(
358 4379 466 4434 curioni
484 4380 537 4450 D)]
564 4381 598 4446 cf.
655 4381 740 4434 illesus
760 4380 909 4433 ‘leserunt’
930 4379 1169 4448 t.1p.493,194
1192 4382 1201 4447 ss
1226 4384 1265 4433 12.
1287 4378 1387 4442 Qum.
1408 4379 1442 4432 H

183 4457 224 4503 14
245 4451 387 4505 consuerit
406 4451 446 4518 M,
466 4381 613 4504 consueuit
627 4450 665 4514 D
685 4450 863 4504 consueuerit
882 4450 916 4503 H
930 4453 939 4518 ΙΙ
959 4456 1000 4505 14,
1017 4456 1058 4505 15.
1077 4423 1261 4519 piouintiate
1277 4451 1333 4505 obt.
1350 4451 1384 4504 H
1393 4453 1402 4519 ll
1416 4456 1459 4505 ιο

180 4520 309 4576 valeam.
325 4522 355 4576 D
377 4526 387 4589 ll
405 4529 469 4591 post
458 4493 909 4591 thouceprbtulamlstnsrrlume
887 4524 954 4575 ιιιι
970 4522 1127 4576 walterum
1141 4523 1344 4647 exemplatur
1315 4521 1389 4591 plI,
1405 4527 1439 4574 14
1452 4523 1461 4593 ll

180 4596 223 4645 22.
239 4591 331 4647 Acilio
346 4593 444 4648 Sebittz
418 4600 489 4647 ιιι
507 4594 671 4648 Lallemaad
685 4594 744 4647 coll
760 4592 819 4660 VH,
835 4598 881 4659 303
901 4597 943 4660 31,
963 4592 1053 4645 Aucto
1070 4595 1106 4659 Ψ,
1125 4591 1210 4646 AVCI
1253 4594 1304 4647 iad
1327 4594 1369 4660 M,
1390 4591 1460 4646 Anio

178 4664 239 4718 ind.
260 4665 295 4718 H
304 4669 376 4733 ιιι
390 4664 414 4718 si
433 4679 506 4745 quae
525 4664 566 4733 M,
586 4664 610 4718 si
629 4680 686 4732 qua
704 4664 765 4716 HD
783 4667 792 4732 ll
811 4637 853 4718 id.
872 4636 913 4716 ld
916 4663 934 4734 .]
954 4681 989 4716 m
1012 4665 1067 4732 ΨΙΙ
1086 4667 1127 4717 27.
1148 4662 1322 4718 coniunctius
1340 4665 1377 4732 D,
1398 4681 1461 4718 oon·

179 4732 292 4790 iuncius
316 4736 359 4804 H,
388 4734 548 4790 coniunctio
571 4736 611 4789 M.
651 4734 848 4806 <coniunctius
877 4751 961 4803 quam
988 4734 1120 4859 nostra}
1135 4734 1294 4789 coniunctio
1318 4708 1463 4790 Lelimaau

178 4807 219 4874 (p.
238 4809 292 4876 90),
307 4778 419 4876 prieur
435 4809 617 4862 necessitatem
630 4808 640 4876 ΙΙ
654 4811 696 4862 ⁶28.
716 4805 846 4874 quodque
865 4805 934 4875 HD,
953 4821 1064 4874 quoqne

235 4903 310 4946 crae
299 4916 333 4954 ap.
347 4904 382 4946 ed.
396 4903 543 4947 Mandalos
548 4903 602 4946 ohn
586 4916 608 4945 ιι.
1213 4898 1248 4950 24
