3314 5460
200 356 265 422 342
651 357 688 411 Μ.
707 356 814 410 TVLLI
833 355 1021 411 CICERONIS

200 545 313 588 omnes
337 544 413 587 suos
438 521 711 607 officiosissimus,
734 521 869 586 mirifice
894 522 1051 606 quosdam
1074 523 1223 617 homines
1247 546 1286 588 ex
1314 523 1380 588 ista
1407 546 1482 607 pro

200 630 306 696 vincia
340 635 450 695 tuetur
480 634 513 694 et
541 628 650 715 diligit
681 634 867 715 propterea,
900 629 986 715 quod
1013 628 1077 695 fuit
1104 630 1138 693 in
1168 629 1279 696 Africa
1307 632 1372 716 bis,
1405 654 1482 696 eum

200 739 350 803 maximis
375 738 541 803 societatis
565 738 708 823 negotiis
732 742 892 822 praesset3
915 738 1026 822 itaque
1046 738 1108 802 hoc
1126 735 1195 803 cius
1215 739 1369 823 officium,
1393 739 1482 822 quod

201 847 374 911 adhibetur
397 867 476 932 erga
497 845 586 930 illos,
620 867 680 931 ego
705 836 779 910 mea'
804 845 961 911 facultate
989 850 1022 909 et
1050 845 1158 931 gratia
1187 846 1289 929 soleo,
1320 851 1483 930 quantum

200 976 349 1038 possum,
386 953 555 1038 adiuvarc3
593 976 691 1037 quare
729 951 968 1037 Cuspianorum
1006 953 1151 1018 omnium
1189 954 1483 1021 commendationis
1512 982 1524 1020 a

201 1083 331 1126 causam
354 1061 415 1126 hae
440 1060 502 1124 tibi
526 1060 667 1144 epistula
691 1059 912 1143 exponendam
935 1060 1058 1145 putavi,
1082 1060 1212 1126 relicuis
1236 1061 1386 1146 epistulis
1412 1067 1484 1127 tan·

201 1174 272 1233 tum
294 1167 413 1232 faciam
436 1172 474 1231 ut
495 1172 609 1232 notam
633 1188 794 1252 apponam
818 1189 898 1251 earn,
923 1189 1005 1251 quae
1029 1166 1111 1232 mihi
1135 1172 1244 1234 tecum
1263 1169 1425 1252 convenit,
1449 1174 1485 1234 et

165 1290 180 1336 3
201 1275 298 1340 simul
323 1274 505 1360 significem
528 1275 566 1340 de
589 1296 724 1339 numero
748 1295 819 1338 esse
843 1271 957 1357 Cuspii
980 1274 1174 1361 amicorum3
1204 1275 1260 1339 sed
1288 1274 1371 1341 hanc
1395 1299 1485 1342 com-

200 1381 451 1465 mendationem,
474 1404 571 1466 quam
595 1382 647 1446 his
669 1381 788 1446 litteris
809 1380 1000 1466 consignare
1019 1381 1118 1466 volui,
1141 1381 1224 1447 scito
1244 1405 1314 1448 esse
1334 1384 1485 1450 omnium

201 1487 441 1576 gravissimam:
468 1511 545 1553 nam
568 1487 602 1553 P.
623 1487 762 1573 Cuspius
789 1489 950 1574 singulari
978 1489 1087 1554 studio
1116 1490 1284 1555 contendit
1307 1512 1325 1554 a
1349 1513 1415 1576 me,
1445 1496 1485 1557 ut
1500 1520 1525 1559 ro

202 1596 263 1661 tibi
288 1617 386 1680 quam
409 1595 660 1682 diligentissime
684 1594 719 1659 L.
739 1594 860 1660 lulium
884 1595 1152 1660 commendarem.
1195 1596 1265 1661 eius
1289 1618 1351 1683 ego
1371 1598 1484 1664 studio

200 1704 254 1767 vix
279 1703 389 1767 videor
413 1702 493 1768 mihi
517 1703 597 1768 satis
620 1703 727 1768 facere
750 1724 860 1788 posse,
884 1703 912 1766 si
936 1707 1010 1768 utar
1033 1703 1141 1768 verbis
1164 1703 1227 1788 eis,
1251 1704 1385 1791 quibus,
1408 1727 1486 1770 cum

201 1810 450 1896 diligentissime
475 1811 552 1895 quid
576 1811 713 1896 agimus,
736 1810 786 1874 uti
811 1810 970 1895 solemus3
992 1831 1077 1875 nova
1099 1811 1258 1894 quaedam
1276 1811 1427 1896 postulat
1451 1816 1486 1876 et
1511 1801 1514 1806 ¹

200 1920 296 2000 putat
319 1938 370 1981 me
395 1917 464 1982 eius
488 1917 616 2003 generis
641 1917 816 1982 artificium
841 1917 1002 2002 quoddam
1026 1922 1149 1983 tenere:
1174 1918 1202 1982 ei
1226 1939 1288 2004 ego
1313 1917 1486 2003 pollicitus

201 2046 274 2088 sum
307 2045 358 2088 me
392 2046 430 2088 ex
463 2024 581 2089 intima
612 2028 725 2089 nostra
757 2029 826 2088 arte
859 2024 1127 2108 deprompturum
1166 2023 1341 2090 mirificum
1378 2017 1485 2111 ge‘nus
1501 2053 1527 2093 rs

201 2130 502 2197 commendationis.
548 2130 581 2195 id
614 2131 768 2215 quoniam
801 2130 936 2215 adsequi
968 2153 1035 2196 non
1066 2154 1214 2215 possum,
1247 2136 1284 2196 tu
1315 2154 1351 2196 re
1384 2132 1487 2199 velim

201 2238 339 2325 efficias,
368 2243 406 2302 ut
429 2238 484 2302 ille
507 2259 624 2324 genere
649 2260 794 2303 mearum
818 2238 1004 2303 litterarum
1027 2238 1210 2304 incredibili
1234 2238 1389 2323 quiddam
1414 2262 1488 2324 per·

166 2346 324 2411 electum
348 2345 539 2411 arbitretur:
563 2346 596 2410 id
620 2345 728 2430 facies,
751 2346 779 2410 si
804 2367 899 2411 omne
918 2367 1020 2431 genus
1039 2345 1259 2431 liberalitatis,
1282 2346 1369 2430 quod
1388 2351 1425 2412 et
1444 2348 1486 2412 ab

200 2452 405 2518 humanitate
433 2458 467 2517 et
493 2456 658 2537 potestate
686 2457 743 2517 tua
770 2453 933 2538 proficisci
960 2453 1096 2538 poterit,
1127 2474 1193 2518 non
1220 2453 1316 2518 modo
1346 2476 1395 2539 re,
1429 2455 1487 2519 sed

202 2560 300 2625 etiam
315 2560 432 2645 verbis,
450 2560 543 2624 vultu
558 2560 694 2644 denique
712 2561 964 2646 exprompseris3
984 2583 1065 2645 quae
1086 2564 1243 2645 quantum
1262 2560 1296 2624 in
1314 2561 1487 2644 provincia
1503 2591 1530 2629 so

202 2667 340 2751 valeant,
363 2667 480 2731 vellem
504 2670 655 2751 expertus
675 2688 756 2750 esse,
779 2664 835 2730 sed
855 2671 964 2731 tamen
986 2668 1142 2752 suspicor.
1180 2668 1288 2751 ipsum
1306 2665 1488 2753 hominem,

203 2797 298 2859 quem
322 2774 384 2848 tibi
404 2774 604 2859 commendo,
627 2774 820 2858 perdignum
839 2795 910 2838 esse
929 2779 987 2839 tua
1005 2774 1158 2859 amicitia,
1181 2795 1247 2839 non
1267 2774 1384 2860 solum,
1410 2777 1490 2860 quia

203 2879 284 2944 mihi
309 2877 449 2964 Cuspius
473 2880 566 2964 dicit,
594 2879 689 2944 credo
711 2916 750 2924 -
772 2880 904 2944 tametsi
928 2880 960 2943 id
985 2880 1065 2944 satis
1090 2902 1159 2945 esse
1183 2880 1323 2946 debebat
1342 2919 1401 2963 —‚
1430 2883 1488 2947 sed

168 2987 281 3070 aquia
303 2987 379 3050 novi
403 2987 471 3050 eius
495 2985 650 3050 iudicium
673 2987 708 3049 in
731 2986 919 3050 hominibus
942 2991 975 3050 et
998 2987 1111 3052 amicis
1142 2988 1326 3074 diligendis.
1366 2989 1489 3055 harum

203 3093 390 3156 litterarum
409 3092 459 3156 vis
480 3098 602 3177 quanta
621 3092 729 3177 fuerit,
748 3093 937 3177 propediem
955 3092 1116 3179 iudicabo,
1135 3095 1272 3180 tibique,
1289 3099 1328 3159 ut
1347 3096 1489 3182 confide,
1504 3125 1532 3163 ss

205 3198 329 3282 gratias
350 3220 458 3284 agam:
482 3220 552 3285 ego,
576 3222 658 3282 quae
677 3204 709 3264 te
728 3200 810 3264 velle
831 3222 976 3284 quaeque
996 3200 1036 3265 ad
1055 3205 1088 3265 te
1106 3200 1269 3285 pertinere
1288 3202 1491 3288 arbitrabor,

205 3305 314 3369 omnia
337 3305 482 3371 studiose
505 3306 742 3391 diligenterque
766 3306 896 3372 curabo
937 3329 1023 3392 cura,
1047 3312 1084 3372 ut
1107 3307 1224 3374 valeas.

741 3483 834 3568 <vu
867 3483 950 3572 (34.)

341 3625 386 3690 ru.
406 3623 565 3691 oroneo
590 3625 624 3702 o.
646 3626 843 3692 vetuere
868 3626 904 3704 o.
924 3627 958 3692 r.
978 3625 1125 3693 ceola
1149 3628 1352 3712 raucos>

293 3768 328 3832 P.
357 3768 541 3854 Cornelius,
574 3767 629 3852 qui
661 3769 723 3833 tibi
755 3769 882 3834 litteras
915 3770 1018 3855 dedit,
1049 3775 1101 3835 est
1132 3771 1214 3836 mihi
1247 3794 1266 3836 a
1299 3771 1333 3835 Ρ.
1363 3772 1491 3859 Cuspio
1505 3801 1531 3839 ro

206 3877 460 3961 commendatur,
483 3876 573 3940 cuius
599 3898 696 3941 causa
720 3881 842 3960 quanto
867 3898 964 3961 opere
988 3901 1139 3962 cuperem
1163 3879 1395 3966 deberemque,
1419 3904 1491 3966 pro·

296 4057 318 4104 1.
339 4050 534 4105 officiossimus
549 4053 586 4105 M
596 4056 605 4121 ΙΙ
620 4056 643 4104 3.
663 4055 790 4120 praesset
808 4055 853 4120 (cf.
864 4054 1028 4108 Lachmann
1042 4056 1078 4108 ad
1092 4055 1176 4109 Lacr.
1193 4054 1217 4107 ll
1233 4059 1323 4124 1061),
1341 4059 1492 4124 praeesset

206 4123 267 4177 ΙΙΙ)
293 4125 302 4190 ΙΙ
330 4127 354 4176 4.
375 4121 526 4176 adhibetur
544 4139 611 4191 erga
631 4123 703 4189 HD,
728 4122 916 4205 adhibeturga
935 4125 975 4178 M.
1010 4125 1127 4180 adhibet
1145 4142 1213 4207 erga
1231 4127 1284 4180 ulii
1311 4128 1320 4195 ll
1347 4131 1373 4181 6.
1395 4127 1451 4181 hac
1469 4131 1489 4181 t..

206 4194 327 4264 epistola
347 4194 415 4257 HD,
436 4210 468 4246 ac
487 4193 539 4247 tibi
559 4193 711 4263 epistulam
729 4195 767 4247 M
777 4198 785 4261 ΙΙ
799 4194 912 4249 relicurs
931 4213 973 4265 ep.
989 4198 1030 4262 M,
1050 4196 1165 4266 reliquis
1181 4215 1212 4250 m
1225 4214 1268 4267 ep.
1284 4198 1347 4252 HD
1360 4200 1371 4268 ΙΙ
1387 4205 1412 4254 7.
1427 4215 1492 4253 eam

206 4266 275 4333 HD,
296 4282 329 4319 ea
348 4266 383 4318 M
404 4268 412 4332 ll
436 4267 528 4318 tecum
547 4266 593 4333 M,
619 4282 669 4319 oua
690 4265 750 4318 HD
777 4267 786 4334 ΙΙ
815 4272 855 4321 11.
875 4265 904 4321 L.
920 4265 1033 4338 lulium]
1053 4271 1087 4335 cl.
1102 4269 1262 4339 Nipperdey
1280 4271 1319 4324 ad
1337 4269 1412 4339 Nep.
1431 4271 1492 4325 Aa.

207 4343 249 4403 12,
265 4342 281 4388 4
302 4338 311 4403 ΙΙ
335 4342 375 4390 12.
396 4335 448 4406 eis]
468 4335 511 4389 his
535 4339 570 4403 Ψ,
589 4335 624 4389 iis
644 4353 660 4393 ς
683 4339 692 4402 ΙΙ
716 4342 756 4390 13.
777 4337 845 4405 quid
864 4338 938 4404 ΜΗ,
957 4337 1066 4407 aliquid
1084 4340 1115 4393 D
1127 4343 1137 4406 l
1149 4338 1325 4409 postulatllll,
1344 4345 1419 4394 2—3
1438 4343 1492 4396 liu.

206 4408 328 4474 erus.‚M
338 4413 347 4475 l
363 4412 403 4461 17.
416 4414 456 4461 18.
467 4407 960 4488 perfectum]prqsectumll'esecberp
974 4414 984 4479 l
998 4415 1039 4466 19.
1051 4414 1080 4464 et
1112 4411 1150 4482 a>
1159 4412 1301 4480 potestate
1308 4412 1475 4484 Wesenberg
1489 4422 1492 4481 ξ

206 4484 248 4535 20.
268 4477 442 4548 expropseris
461 4480 503 4548 M,
523 4496 706 4548 expromserrs
726 4480 787 4533 HD
807 4486 875 4548 1121.
896 4498 956 4534 esse
976 4483 1025 4534 sed
1045 4483 1107 4536 Μαι
1116 4485 1161 4552 cip
1179 4485 1341 4599 (opacatae.
1362 4483 1422 4559 lp.
1439 4490 1491 4539 186

207 4605 260 4658 sive
275 4622 304 4672 p.
321 4608 370 4657 161
381 4604 411 4672 ²),
430 4620 519 4657 essem
539 4605 588 4658 sed
610 4605 695 4659 Orelli
712 4606 757 4672 (cf.
777 4607 814 4658 ud
832 4604 865 4674 V,
882 4613 923 4668 20,
940 4610 975 4674 ὁ),
995 4623 1070 4661 esses
1090 4607 1139 4660 sed
1160 4609 1191 4660 Ψ
1207 4607 1332 4677 (essessll
1347 4608 1416 4677 sed,
1434 4628 1492 4665 res.

209 4679 275 4726 1-a
292 4677 357 4741 litt,
377 4675 422 4745 H)
443 4677 453 4744 ΙΙ
476 4681 517 4730 22.
538 4682 579 4728 2¹3.
600 4676 668 4744 quia
685 4675 755 4729 mihi
774 4675 886 4745 cuspius
911 4677 981 4731 dicit
1000 4679 1045 4746 M,
1069 4678 1118 4746 qui
1141 4678 1219 4747 (quia
1237 4678 1277 4758 D)
1296 4678 1408 4733 amicus
1426 4681 1493 4750 pius

209 4743 310 4797 dicitur
329 4746 389 4798 HD
402 4749 412 4814 ΙΙ
426 4753 468 4800 24.
488 4747 640 4816 diligendis
655 4748 722 4801 ΜΗ
739 4750 781 4815 (ut
795 4746 900 4802 dilectu
914 4749 947 4817 X,
963 4755 1005 4816 33,
1021 4755 1036 4802 ὁ
1052 4751 1107 4820 ul),
1127 4749 1285 4819 deligendrs
1298 4750 1329 4804 D
1342 4752 1353 4820 ΙΙ
1368 4757 1411 4805 26.
1428 4769 1493 4821 per·

208 4813 297 4867 tinere
316 4815 475 4870 arbitrabor
493 4819 540 4885 M,
568 4818 689 4871 arbitror
706 4817 846 4887 pertinere
866 4821 927 4874 HD
948 4823 957 4890 11
981 4827 1022 4874 29.
1043 4822 1248 4890 inscriptionem
1265 4823 1391 4890 epistolii
1407 4824 1494 4879 buires
