3314 5460
623 361 660 418 Μ.
680 360 787 416 TVLLI
806 359 996 417 CICERONIS

700 613 799 682 xcv.
831 613 915 703 (13.)

417 774 577 843 oroneo
603 775 828 843 APPVLEIO
852 775 1203 853 Puoovnassom.

257 939 293 1003 L.
307 939 452 1025 Egnatio
467 961 532 1003 uno
547 939 655 1024 equite
670 938 708 1002 R.
723 938 774 1003 vel
790 937 1043 1003 familiarissime
1058 941 1141 1002 utor.
1169 937 1238 1001 eius
1253 936 1457 1001 Anchialum

169 1069 298 1111 servum
322 1047 528 1132 negotiaque,
552 1069 634 1131 quae
658 1046 759 1111 hebet
777 1046 811 1110 in
830 1045 920 1130 Asia,
943 1045 1006 1109 tibi
1030 1045 1220 1110 commendo
1239 1066 1305 1108 non
1325 1043 1456 1107 minore

168 1154 286 1238 studio,
310 1176 408 1238 quain
428 1154 456 1218 si
476 1176 544 1218 rem
563 1176 669 1218 meam
688 1153 960 1237 commendarem3
985 1152 1032 1217 sic
1051 1152 1137 1217 enim
1156 1151 1325 1217 existimes
1346 1150 1456 1233 velim,
1484 1174 1496 1213 c

168 1260 249 1334 mihi
273 1282 346 1326 cum
370 1283 408 1325 co
431 1282 497 1324 non
521 1261 617 1326 modo
641 1260 839 1325 cotidianam
869 1259 1135 1325 consuetudinem
1163 1281 1326 1325 summam
1355 1259 1456 1322 inter·

169 1367 293 1451 cedere,
327 1369 382 1432 sed
410 1366 511 1432 etiam
540 1367 649 1432 officia
677 1389 797 1454 magna
824 1372 858 1433 et
886 1371 1000 1431 mutua
1026 1370 1140 1431 nostra
1167 1366 1253 1430 inter
1282 1387 1344 1430 nos
1374 1386 1455 1429 esse.

169 1475 382 1558 quamobrem
406 1475 506 1540 etiam
530 1479 628 1559 atque
648 1475 749 1539 ctiam
768 1497 787 1538 a
805 1479 837 1539 te
856 1478 942 1559 peto,
966 1478 1004 1538 ut
1028 1496 1128 1557 curce,
1151 1478 1189 1538 ut
1208 1473 1384 1558 intellegat
1403 1493 1455 1535 me

170 1581 210 1644 ad
234 1585 266 1645 te
291 1580 371 1645 satis
395 1581 569 1666 diligenter
593 1579 777 1665 scripsisse3
801 1604 876 1646 nam
896 1581 935 1645 de
954 1585 1013 1645 tua
1031 1602 1109 1665 erga
1128 1602 1178 1645 me
1199 1579 1370 1643 voluntate
1388 1599 1454 1641 non

169 1688 357 1752 dubitabat:
381 1686 412 1752 id
436 1691 474 1751 ut
497 1688 607 1770 facias,
631 1691 663 1752 te
687 1688 785 1753 etiam
810 1693 908 1773 atque
932 1688 1031 1752 etiam
1055 1709 1145 1773 rogo.
1188 1686 1268 1751 vale.
1468 1713 1492 1748 lo

693 1920 810 1986 xcvi.
843 1920 925 2006 (14.)

578 2079 738 2147 oroneo
766 2080 987 2146 mu‘vuulo
1014 2078 1045 2145 s,

259 2241 295 2308 L.
314 2240 453 2306 Nostius
478 2241 587 2306 Zoilus
612 2247 662 2305 est
686 2242 818 2307 coheres
842 2264 948 2325 meus,
978 2241 1073 2306 heres
1096 2246 1206 2306 autem
1234 2240 1369 2326 patroni
1393 2239 1454 2305 sui:

169 2372 207 2413 ca
231 2372 265 2413 re
289 2354 463 2435 utrumque
488 2350 613 2433 scn'psi,
639 2354 675 2413 ut
699 2354 732 2414 et
751 2349 831 2415 mihi
850 2371 923 2414 cum
943 2349 1001 2413 illo
1020 2369 1151 2414 causam
1169 2347 1336 2413 amicitiae
1356 2348 1452 2413 scires

170 2478 240 2519 csse
264 2460 298 2520 et
320 2455 485 2521 hominem
508 2456 648 2539 probum
676 2455 893 2540 existimares,
926 2454 982 2539 qui
1009 2455 1139 2539 patroni
1166 2454 1288 2519 iudicio
1318 2460 1488 2521 ematosa

170 2566 264 2626 esset.
306 2585 380 2627 eum
409 2563 470 2627 tibi
499 2563 601 2648 igitur
630 2562 676 2627 sic
705 2563 909 2640 commendo,
939 2566 976 2625 ut
1004 2585 1105 2628 unum
1133 2585 1172 2627 ex
1199 2568 1316 2628 nostra
1343 2561 1452 2626 domo:

169 2669 262 2733 valde
287 2669 365 2733 mihi
392 2674 521 2754 gratum
546 2670 621 2753 erit,
650 2670 678 2734 si
707 2671 844 2752 curaris,
875 2673 912 2734 ut
939 2668 1111 2755 intellegat
1138 2669 1222 2734 hanc
1251 2667 1452 2734 commenda·

170 2777 292 2841 tionem
317 2776 380 2841 sibi
404 2778 488 2861 apud
512 2781 544 2841 te
568 2798 687 2862 magno
712 2777 898 2842 adiumento
922 2777 1032 2842 fuisse.

674 3007 809 3074 mvn.
842 3006 947 3097 (112.)

633 3168 793 3235 oroneo
818 3168 934 3235 simo
960 3168 991 3235 s.
1463 3192 1499 3232 ,ο

261 3328 343 3405 Quid
377 3352 438 3417 ego
471 3331 533 3394 tibi
566 3332 787 3396 commendem
821 3354 908 3415 eum,
941 3353 1035 3415 quem
1067 3334 1103 3394 tn
1131 3330 1201 3414 ipse
1230 3329 1366 3415 diligis?
1399 3329 1452 3394 sed

172 3442 295 3519 tamen,
317 3441 355 3501 ut
378 3437 475 3502 scires
500 3460 573 3501 eum
597 3460 616 3501 a
639 3461 690 3503 me
713 3460 778 3503 non
802 3438 895 3525 diligi
925 3438 1045 3521 solum,
1075 3459 1189 3502 verum
1216 3420 1319 3502 etiam
1344 3435 1451 3517 amari,

172 3544 213 3608 ob
238 3566 310 3608 eam
333 3566 402 3609 rem
426 3544 486 3608 tibi
510 3544 591 3609 haec
615 3544 735 3610 scribo:
766 3545 911 3610 omnium
935 3549 1067 3610 tuorum
1091 3545 1290 3628 officiorum,
1315 3567 1398 3629 quae
1420 3547 1452 3607 et

171 3650 275 3714 multa
307 3653 341 3714 et
368 3671 487 3735 magna
519 3654 608 3733 sunt,
640 3649 721 3714 mihi
754 3650 979 3735 gratissimum
1012 3651 1126 3736 fuerit,
1157 3651 1186 3716 si
1218 3651 1266 3716 ita
1300 3653 1451 3718 tractaris

171 3755 364 3842 Egnatium,
394 3761 438 3822 ut
455 3757 577 3821 sentiat
600 3760 633 3821 et
657 3778 691 3821 se
715 3779 734 3820 a
757 3779 808 3821 me
832 3761 865 3821 et
888 3780 939 3822 me
964 3780 983 3821 a
1006 3762 1038 3822 te
1063 3758 1178 3843 amari3
1205 3758 1269 3824 hoc
1299 3764 1335 3824 te
1363 3758 1484 3824 vehea

172 3869 298 3928 menter
330 3865 428 3928 etiam
461 3868 559 3948 atque
592 3863 692 3928 etiam
724 3885 813 3949 rogo.
865 3863 922 3928 illa
954 3869 1067 3930 nostra
1099 3864 1225 3931 scilicet
1255 3867 1453 3932 ceciderunt:

171 3975 302 4035 utamur
325 3970 427 4055 igitur
446 3971 575 4056 vulgari
594 3970 828 4036 consolatione:
852 3969 951 4055 ‘quid
974 3971 1001 4035 si
1020 3971 1083 4037 hoc
1102 3971 1260 4037 melius?’
1299 3973 1357 4039 sed
1376 3974 1455 4039 haec

172 4099 294 4143 coram:
318 4081 355 4141 tu
378 4076 439 4161 fac,
464 4078 549 4162 quod
573 4077 663 4160 facis,
686 4083 723 4141 ut
747 4100 798 4142 me
822 4100 910 4143 ames
933 4083 1029 4163 teque
1053 4079 1156 4145 amari
1179 4101 1199 4143 a
1223 4103 1275 4144 me
1301 4081 1398 4147 scias.

261 4277 285 4324 ⁴2.
306 4270 417 4340 apuleio
438 4271 498 4324 HD
511 4272 520 4339 Ι]
534 4276 558 4325 3.
578 4270 624 4324 sel
642 4271 692 4324 del.
713 4272 772 4325 alii.
806 4273 840 4338 cs.
860 4272 1003 4326 Lehmann
1018 4291 1047 4343 p.
1064 4277 1098 4326 88
1116 4275 1126 4344 ΙΙ
1144 4278 1168 4328 5.
1188 4288 1248 4327 rem
1266 4290 1364 4328 meam
1384 4291 1456 4329 com·

172 4342 333 4396 mandarem
353 4342 425 4409 MD,
443 4358 502 4395 rem
520 4359 618 4396 comm.
637 4358 730 4394 mcum
745 4343 783 4410 H,
802 4359 895 4397 meam
913 4361 971 4397 rem
991 4361 1089 4398 comm.
1112 4345 1279 4416 chercbery.
1313 4347 1350 4413 cs.
1367 4364 1408 4416 cp.
1424 4352 1456 4400 53

172 4421 239 4469 ectr.
268 4417 277 4481 ll
306 4418 328 4466 7.
348 4429 452 4483 magna
475 4415 504 4467 et
526 4416 624 4466 mutua
647 4415 756 4485 nostra]
782 4433 816 4469 m.
837 4417 866 4468 ct
883 4417 982 4469 mutua
1001 4415 1121 4542 [nostrab]
1141 4416 1270 4485 mesti,
1298 4433 1408 4487 magna
1430 4421 1458 4472 ct

172 4484 262 4539 multa
281 4503 306 4537 n.
328 4485 494 4555 ll'esenbery.
528 4487 562 4552 cf.
582 4487 619 4540 ad
638 4485 671 4553 X,
686 4492 728 4553 34,
744 4492 759 4536 3
778 4489 786 4554 ΙΙ
805 4503 855 4539 nos
875 4505 908 4540 ea
926 4503 999 4554 mos,
1019 4495 1050 4541 ut
1068 4490 1096 4543 oi
1117 4530 1137 4555 .,
1155 4489 1279 4543 rodoardo
1299 4489 1364 4559 ΜΗ
1383 4496 1408 4544 8.
1428 4492 1458 4542 ut

173 4555 240 4637 <is>
260 4555 351 4609 intel'
374 4559 404 4609 at
423 4558 518 4623 3l12-
539 4556 650 4626 apuleio
671 4557 723 4625 1111
743 4564 783 4610 lc.
803 4556 891 4626 igitur
909 4556 964 4611 tibi
982 4559 1015 4612 11
1030 4563 1039 4628 l
1058 4565 1099 4614 20.
1120 4557 1183 4612 silio
1203 4559 1242 4614 M
1256 4565 1283 4614 et
1302 4562 1364 4617 ind.
1384 4561 1456 4628 ΜΗ,

82 4665 85 4668 -
174 4626 248 4679 sillio
268 4627 305 4695 D,
326 4627 396 4681 saio
417 4628 450 4681 Il
460 4630 525 4696 lli.
545 4628 598 4682 hoc
616 4628 717 4682 melius
736 4629 778 4698 M,
797 4628 896 4682 melius
916 4629 969 4684 hoc
987 4630 1056 4686 HI).
1089 4632 1124 4698 cf.
1139 4647 1178 4700 ep.
1194 4632 1309 4688 contr.
1323 4632 1388 4705 Vll,
1404 4639 1457 4702 3st
