3286 5460
656 376 912 432 EPISTVLARVM
931 376 964 433 V.
984 382 1026 432 20.
1417 375 1483 442 125

201 540 333 625 fefellit3
361 540 501 606 liberum
524 541 610 605 enim
634 540 716 605 mihi
743 544 871 624 tempus
896 540 936 604 ad
959 561 1015 605 eos
1039 540 1229 605 deferendos
1253 540 1482 605 existimabam

201 648 283 731 dari,
306 652 421 731 postea
445 648 564 713 certior
588 669 660 712 sum
683 647 789 711 factus
809 648 948 731 triginta
970 647 1084 712 diebus
1108 647 1225 712 deferri
1248 670 1378 713 necesse
1402 670 1482 731 esse,

203 754 322 838 quibus
354 755 497 819 rationes
529 753 725 819 retulissem.
772 775 849 818 sene
882 754 1019 818 moleste
1048 754 1109 818 tuli
1136 777 1203 819 non
1236 755 1294 819 illa
1325 755 1481 819 beneficia

202 866 279 926 tuae
311 861 421 945 potius
450 860 624 926 ambitioni
656 864 821 926 reservata
847 883 917 925 esse
951 882 1048 944 quam
1082 882 1184 944 meae,
1219 861 1275 945 qui
1302 860 1505 926 ambitione.

175 968 286 1033 anihil
309 972 431 1052 uterer3
457 969 497 1032 de
525 968 770 1033 centurionibus
799 972 910 1032 tamen
935 967 1029 1031 etde
1053 968 1259 1033 tribunorum
1289 968 1481 1034 militarium

202 1074 490 1140 contubernalibus
514 1097 566 1139 res
590 1074 698 1140 estin
721 1075 860 1160 integro,
884 1095 987 1159 genus
1007 1074 1093 1139 enim
1111 1075 1229 1140 horum
1250 1075 1480 1141 beneficiomm

201 1181 373 1245 definitum
396 1181 469 1266 lege
491 1203 557 1246 non
577 1185 656 1246 erat.
694 1181 857 1265 reliquum
876 1185 927 1245 est
946 1181 984 1245 de
1004 1181 1165 1246 sestertiis
1189 1187 1320 1247 centnm
1339 1182 1480 1265 milibus,
1500 1199 1515 1246 8

201 1286 240 1351 de
264 1287 383 1371 quibus
407 1288 541 1352 memini
564 1288 646 1352 mihi
669 1310 689 1352 a
712 1293 744 1352 te
769 1287 898 1372 Myrina
921 1287 1048 1352 litteras
1071 1310 1143 1353 esse
1166 1289 1298 1372 allatas,
1326 1310 1393 1354 non
1416 1266 1480 1353 niei

201 1394 312 1476 errati,
334 1393 390 1458 aed
409 1394 467 1477 tui,
486 1394 521 1458 in
540 1415 605 1479 quo
623 1399 793 1479 peccatum
813 1394 983 1459 videbatur
1002 1416 1081 1478 esse,
1105 1395 1133 1460 si
1153 1396 1248 1460 modo
1268 1399 1348 1479 erat,
1368 1396 1480 1460 fratris

167 1521 188 1560 u
202 1501 250 1565 tui
275 1504 309 1564 et
331 1499 444 1583 Tullii,
469 1501 539 1584 sed,
561 1524 636 1566 cum
659 1502 692 1566 id
715 1502 837 1587 corrigi
860 1524 926 1566 non
949 1506 1074 1586 posset,
1096 1503 1211 1588 †quod
1234 1503 1300 1567 iam
1323 1503 1479 1587 depositis

200 1606 383 1671 rationibus
407 1629 446 1671 ex
469 1608 637 1691 provincia
656 1609 862 1691 decessimus,
886 1608 981 1673 eredo
1000 1631 1052 1672 me
1072 1608 1202 1691 quidem
1221 1607 1283 1672 tibi
1301 1631 1360 1692 pro
1380 1608 1479 1672 animi

200 1713 264 1777 mei
296 1713 465 1778 voluntale
493 1735 617 1798 proque
645 1737 683 1779 ea
711 1737 767 1798 spe
796 1714 1003 1798 facultatum,
1036 1736 1134 1799 quam
1167 1718 1238 1778 tum
1270 1713 1480 1797 habebamus,

200 1842 299 1903 quam
322 1819 557 1884 humanissime
585 1821 761 1905 potuerim,
789 1821 1008 1905 rescripsisse,
1037 1820 1093 1886 sed
1119 1842 1224 1904 neque
1251 1824 1322 1884 tum
1345 1842 1397 1884 me
1420 1821 1479 1885 hu-

201 1927 358 1990 manitate
381 1925 567 1991 litterarum
586 1950 734 1992 mearum
753 1927 938 2012 obligatum
961 1931 1042 2011 puto
1065 1949 1170 2011 neque
1194 1950 1245 1991 me
1269 1933 1359 1991 tuam
1383 1927 1479 1991 hodie

154 2051 183 2091 1⁵
199 2033 375 2117 epistolam
398 2032 437 2097 de
461 2031 518 2098 HS
542 2018 568 2098 G
593 2032 639 2098 sic
663 2033 841 2116 accepisse,
864 2038 902 2098 ut
924 2035 954 2099 ei
978 2034 1155 2119 accipiunt,
1179 2034 1297 2117 quibus
1321 2033 1479 2117 epistolae

199 2162 257 2224 per
284 2140 365 2204 haec
392 2143 542 2223 tempora
568 2139 726 2204 molestae
756 2143 842 2203 sunt.
884 2140 982 2205 simul
1010 2140 1091 2205 illud
1121 2139 1265 2225 cogitare
1289 2139 1400 2223 debes,
1427 2161 1514 2208 mea

199 2268 329 2311 omnem
352 2246 539 2331 pe'euniam,
570 2267 652 2330 quae
677 2245 717 2309 ad
740 2268 791 2310 me
822 2246 921 2311 salvis
950 2247 1078 2333 legibus
1095 2246 1324 2330 pervenisset,
1355 2247 1478 2330 Ephesi

198 2353 285 2438 apud
309 2353 502 2438 publicanos
530 2353 732 2437 deposuisse,
760 2353 792 2417 id
821 2352 922 2418 fuisse
946 2352 1002 2418 HS
1027 2342 1145 2439 ml,
1172 2374 1243 2417 eam
1271 2375 1400 2418 omnem
1427 2377 1479 2438 pe

199 2461 330 2525 cuniam
350 2459 543 2544 Pompeium
566 2460 757 2544 abstulisse3
780 2460 867 2544 quod
891 2481 952 2546 ego
977 2459 1044 2524 sive
1068 2481 1171 2544 aequo
1195 2460 1304 2524 animo
1328 2460 1395 2524 sive
1419 2461 1478 2525 ini·

124 2581 160 2618 0
197 2587 263 2651 quo
287 2567 371 2650 iero,
398 2571 435 2631 tu
463 2566 502 2631 de
526 2564 582 2630 HS
606 2565 632 2631 Ο
657 2587 761 2650 aequo
789 2567 897 2633 animo
926 2566 1010 2631 ferre
1039 2567 1136 2631 debes
1165 2571 1199 2631 et
1229 2567 1415 2636 existimare
1440 2589 1478 2633 eo

194 2675 307 2738 minus
330 2673 371 2737 ad
394 2678 427 2738 te
451 2672 501 2737 vel
525 2671 565 2736 de
588 2673 654 2737 tuis
678 2672 810 2737 cibariis
834 2672 885 2737 vel
908 2673 947 2737 de
971 2695 1043 2737 mea
1066 2672 1263 2737 liberalitate
1282 2673 1476 2757 pervenisse.

192 2781 284 2864 quod
308 2781 337 2845 si
360 2778 441 2844 mihi
464 2801 607 2863 expensa
628 2778 694 2843 ista
717 2778 773 2844 HS
796 2765 822 2843 C
848 2778 991 2863 tulisses,
1014 2783 1132 2862 tamen,
1156 2801 1237 2863 quae
1261 2785 1387 2844 tuaest
1406 2803 1474 2845 sua·

189 2888 282 2952 uitas
307 2887 427 2971 quique
451 2886 485 2951 in
508 2908 560 2950 me
584 2909 690 2971 amor,
716 2887 820 2951 nolles
844 2909 864 2950 a
886 2909 938 2951 me
961 2886 1023 2951 hoc
1046 2891 1191 2972 ternpore
1216 2887 1475 2952 aestimationem

183 2994 358 3078 accipere,
381 3015 467 3077 nam,
487 2997 693 3058 numeratum
714 2985 747 3057 'si
771 3015 932 3077 cuperem,
954 3015 1020 3057 non
1040 2997 1118 3057 erat.
1161 2994 1216 3058 sed
1235 2993 1314 3058 haec
1334 2994 1476 3058 iocatum

124 3107 141 3145 '⁵
184 3123 249 3165 me
271 3104 403 3185 putato,
429 3104 468 3165 ut
494 3122 556 3186 ego
586 3105 619 3164 te
646 3100 811 3185 existimo,
839 3121 900 3185 ego
929 3104 1052 3184 tamen,
1080 3123 1153 3165 cum
1176 3099 1303 3165 Tullius
1332 3123 1406 3165 rure
1431 3123 1476 3165 re·

178 3208 309 3290 «fierit,
331 3208 460 3271 mittam
484 3230 558 3272 eum
582 3209 621 3272 ad
644 3212 694 3290 te,
717 3208 745 3272 si
770 3207 847 3292 quid
870 3208 911 3272 ad
934 3230 1003 3272 rem
1026 3208 1157 3291 putabis
1180 3207 1349 3291 pertinere.
1391 3208 1475 3273 hanc

178 3315 372 3401 epistolam
395 3337 453 3380 cur
474 3336 541 3379 non
564 3315 668 3379 scindi
691 3314 799 3399 velim,
822 3337 920 3379 causa
943 3314 1035 3379 nulla
1058 3319 1115 3379 est.
1158 3300 1161 3305 ⁹

179 3458 412 3468 *mn—...—

287 3550 312 3597 1.
330 3542 401 3596 mihi
418 3560 469 3598 om.
489 3543 517 3598 R
536 3546 546 3612 11
567 3542 731 3598 deferendos
751 3544 797 3610 M,
816 3542 1006 3598 defendendos
1027 3545 1065 3609 G,
1085 3542 1139 3596 den
1155 3544 1159 3608 1
1177 3542 1281 3597 dendos
1300 3543 1328 3598 R
1351 3546 1360 3612 1
1383 3548 1407 3597 3,
1427 3561 1470 3597 ra·

169 3616 302 3670 tionem
321 3615 349 3668 R
367 3617 376 3683 1
393 3614 565 3668 rettulissem
584 3618 670 3683 ς15.
690 3617 720 3668 et
735 3619 739 3681 1
756 3617 785 3668 et
803 3616 839 3668 M
854 3620 863 3683 1
882 3621 905 3669 7,
925 3614 1062 3668 sestertiis
1082 3617 1116 3680 o,
1135 3613 1180 3667 Hs
1200 3630 1215 3671 ς
1238 3618 1248 3683 1
1270 3620 1295 3669 8.
1315 3614 1472 3682 dequibus

166 3733 243 3769 om.
265 3713 295 3767 R
308 3715 318 3781 1
331 3712 440 3780 myrina
458 3712 495 3778 R,
514 3712 625 3781 myrina
643 3712 686 3779 M,
705 3688 823 3780 mirina,
841 3712 851 3764 i
869 3730 929 3781 cup.
948 3730 985 3766 os.
1005 3731 1023 3765 a
1041 3730 1075 3765 m.
1092 3717 1116 3778 1,
1136 3712 1241 3779 6110.
1261 3710 1411 3779 quodiam
1432 3712 1473 3775 M,

165 3784 271 3856 quod
292 3784 347 3838 GR
365 3787 375 3851 1
395 3788 434 3837 11,
455 3783 638 3855 decessimus]
658 3782 873 3838 decessissemus
893 3800 922 3848 ς,
947 3783 1154 3837 decesseramus
1173 3784 1225 3836 olii
1243 3787 1252 3851 1
1270 3782 1382 3851 quidem
1403 3783 1474 3848 MR,

163 3856 264 3927 quid
284 3856 312 3909 G
329 3857 339 3923 1
358 3862 398 3908 12.
418 3871 502 3923 quam
521 3857 581 3908 tum
599 3854 636 3920 R,
655 3858 792 3922 quantum
811 3856 871 3908 MG
885 3859 895 3924 1
908 3854 1062 3908 habeamus
1083 3855 1137 3908 GR
1156 3856 1165 3922 11
1184 3860 1225 3907 13.
1245 3856 1305 3907 tum
1324 3872 1374 3906 orn
1396 3854 1450 3907 GR

170 3952 233 4001 15.
257 3944 294 3998 ue
312 3943 358 3998 Hs
372 3933 404 4015 o]
424 3944 458 3997 oe
478 3942 519 3999 co
538 3932 561 3998 o‘
577 3945 619 4009 11,
639 3943 673 3998 ue
693 3942 831 3997 aestercus
847 3944 882 4009 o,
900 3961 950 3996 om.
965 3943 993 3996 rr
1007 3944 1016 4010 1
1030 3941 1068 4012 ei]
1087 3941 1116 3995 ai
1131 3943 1173 4009 11,
1192 3940 1469 4009 hironimum

168 4035 244 4072 om.
263 4016 370 4083 11111.
390 4015 554 4084 peccuniam
568 4016 604 4068 M
616 4014 725 4082 11111111
744 4014 867 4084 legibus]
886 4015 1084 4080 11ζΜοηυηεεη
1103 4014 1242 4067 ‘theatra’
1263 4014 1294 4065 1³
1309 4031 1337 4082 p.
1354 4018 1404 4065 297
1415 4031 1455 4096 aq,

173 4112 235 4161 18.
263 4097 350 4175 mh
372 4106 484 4173 scripsi,
506 4103 583 4156 xxn
603 4106 636 4170 Ω,
657 4103 839 4171 (11111111111111
864 4102 959 4156 biset
980 4101 1066 4155 vicies
1087 4103 1245 4173 lifesenoerq
1272 4104 1281 4170 1
1308 4108 1350 4155 20.
1371 4101 1415 4155 llS
1435 4103 1473 4170 t'l

171 4192 338 4248 aesterciis
358 4194 383 4247 G
401 4195 411 4260 l
432 4199 473 4246 21.
494 4191 539 4245 uel
559 4192 593 4245 de
612 4192 668 4244 tuis
688 4193 761 4259 MR,
788 4193 822 4244 de
841 4191 897 4245 tuis
918 4193 942 4245 G
962 4194 1031 4257 122.
1052 4191 1097 4244 HS
1116 4191 1136 4243 (J
1156 4191 1268 4244 tulisses
1287 4191 1334 4256 M,
1354 4208 1388 4243 ss.
1409 4207 1473 4242 oon·

169 4265 312 4318 tulisses
332 4263 465 4331 (111111.
485 4262 555 4316 haec
574 4264 647 4331 MR,
667 4263 720 4316 hoc
739 4266 765 4317 G
779 4268 788 4331 11
803 4264 925 4316 locatum
945 4263 1007 4316 MR
1021 4266 1030 4330 11
1044 4269 1085 4316 25.
1106 4265 1134 4316 te
1152 4268 1227 4330 (onte
1246 4261 1339 4329 exist.)
1358 4280 1408 4315 our.
1425 4263 1449 4313 G

174 4340 237 4391 27.
259 4352 316 4389 non
329 4334 433 4405 scindi]
453 4334 596 4388 conscindi
615 4337 707 4388 sualim
722 4353 783 4388 eum
798 4336 984 4401 Hirechsetdio
999 4335 1104 4401 (Herru.
1119 4334 1143 4386 V
1154 4353 1183 4403 p.
1199 4339 1271 4402 297),
1290 4351 1346 4387 uon
1361 4340 1475 4402 propter

175 4409 305 4463 verbum
323 4409 357 4477 (o.
378 4406 494 4477 Georpce
512 4408 549 4461 io.
568 4406 606 4459 XI
620 4411 729 4476 111271
747 4408 794 4461 sed
808 4414 921 4476 propter
939 4423 995 4460 rem
