3286 5460
544 342 802 399 EPISTVLARVM
820 344 865 399 IX.
887 349 927 399 ro.
949 351 989 399 11.
1011 352 1051 399 ιι.
1072 350 1113 399 13.
1403 345 1466 409 221

193 505 272 591 tius,
298 504 326 570 si
354 510 388 570 te
415 506 583 591 haberem3
611 528 688 572 nam
711 511 745 571 et
768 508 874 573 oratio
898 513 955 572 tua
977 508 1118 592 prudens
1142 512 1175 572 et
1199 529 1291 572 amor
1314 529 1393 594 erga
1416 533 1467 576 me

192 612 366 697 singularis
390 613 530 679 multum
553 614 690 699 levaret3
719 615 789 699 sed,
817 615 972 699 quoniam
994 614 1084 679 brevi
1109 618 1269 699 tempore,
1296 621 1333 680 ut
1357 618 1467 701 opinio

191 722 304 783 nostra
327 724 390 803 est,
419 723 451 784 te
475 742 547 784 sum
570 720 714 804 visurus,
743 721 789 784 ita
818 743 869 785 me
897 720 1060 785 adfectum
1084 721 1240 805 offendes,
1266 726 1304 786 ut
1327 724 1467 789 multum

191 848 210 890 a
233 829 264 890 te
287 827 412 911 possim
436 826 555 912 iuvari,
580 849 647 891 non
671 849 734 911 quo
758 826 806 891 ita
829 827 892 891 sim
919 827 1056 913 fractus,
1084 833 1123 892 ut
1146 833 1203 892 aut
1226 827 1392 895 hominem
1416 854 1466 895 me

164 954 261 998 resse
293 933 417 999 oblitus
449 933 511 998 sim
539 938 596 998 aut
623 932 773 999 fortunae
806 934 1079 1000 succumbendum
1110 940 1235 1019 putem,
1268 937 1323 1001 sed
1356 942 1465 1002 tamen

190 1040 340 1106 hilaritas
363 1039 423 1105 illa
443 1045 559 1107 nostra
581 1045 614 1105 et
638 1041 791 1125 suavitas,
815 1063 897 1125 quae
920 1045 953 1105 te
976 1046 1106 1126 praeter
1129 1048 1254 1108 eeteros
1273 1044 1466 1129 delectabat,

190 1152 303 1232 erepta
325 1148 406 1212 mihi
429 1149 536 1213 omnis
559 1153 623 1233 est3
651 1148 842 1213 firmitatem
865 1153 975 1213 tamen
998 1153 1032 1213 et
1055 1150 1287 1233 constantiam,
1317 1150 1345 1215 si
1370 1151 1465 1215 modo

189 1254 254 1318 fnit
275 1254 450 1338 aliquando
473 1255 507 1319 in
530 1255 639 1338 nobis,
667 1256 801 1320 eandem
825 1277 1015 1342 cognosces,
1043 1278 1140 1341 quam
1163 1256 1333 1340 reliquisti.
1379 1259 1500 1341 quoda

190 1361 306 1426 scribis
333 1362 459 1446 proelia
481 1367 514 1427 te
537 1385 610 1428 mea
633 1384 730 1428 eausa
758 1363 933 1447 sustinere,
960 1385 1027 1428 non
1054 1363 1178 1428 tamid
1201 1363 1330 1447 laboro,
1358 1368 1408 1448 ut,
1437 1365 1465 1428 si

148 1469 244 1552 ioqui
273 1467 355 1532 mihi
382 1468 581 1552 obtrectent,
609 1491 629 1533 a
656 1472 688 1533 te
716 1467 912 1553 refutentur,
940 1491 1038 1553 qnam
1065 1469 1213 1555 intellegi
1242 1470 1350 1554 cupio,
1378 1471 1464 1555 quod

189 1579 276 1639 certe
298 1575 514 1662 intellegitur,
545 1598 596 1641 me
621 1599 639 1641 a
662 1580 696 1641 te
719 1577 829 1641 amari.
876 1577 962 1661 quod
985 1581 1023 1641 ut
1045 1576 1159 1660 facias,
1187 1580 1220 1640 te
1244 1577 1344 1641 etiam
1368 1582 1464 1662 atque

188 1682 288 1747 etiam
316 1704 397 1768 rogo
426 1681 639 1769 ignoscasque
668 1682 823 1748 brevitati
850 1683 1035 1748 litterarum
1062 1706 1221 1768 mearum3
1250 1706 1327 1748 nam
1356 1688 1389 1747 et
1417 1705 1465 1748 oe-

187 1788 300 1853 leriter
322 1812 388 1853 una
414 1789 543 1853 futuros
566 1811 626 1854 nos
650 1791 793 1855 arbitror
816 1794 849 1855 et
872 1792 1016 1856 nondum
1043 1779 1224 1855 satis'snm
1253 1790 1464 1854 confirmatus

188 1896 227 1959 ad
251 1895 467 1960 scribendum.

147 2080 173 2118 ιι
719 2057 792 2122 XII.
829 2055 933 2144 (315.)

580 2217 740 2286 CICERO
765 2217 1070 2284 DOLABELLAE.

274 2358 432 2424 Gratulor
455 2360 544 2425 Baiis
567 2362 704 2445 nostris,
728 2361 756 2425 si
780 2362 922 2446 quidem,
945 2367 983 2426 ut
1006 2361 1137 2446 scribis,
1161 2362 1308 2426 salubres
1332 2365 1464 2446 repente
1487 2379 1498 2425 ι

184 2464 291 2531 factae
312 2471 403 2552 sunt3
426 2467 489 2532 nisi
508 2467 594 2533 forte
613 2472 646 2533 te
665 2474 775 2533 amant
799 2474 832 2532 et
856 2468 917 2534 tibi
938 2470 1151 2533 adsentantur
1173 2472 1208 2532 et
1230 2467 1364 2552 tamdiu,
1388 2468 1465 2532 dnm

184 2576 219 2636 tu
243 2573 333 2656 ades,
362 2578 439 2637 sunt
467 2574 589 2639 oblitae
619 2576 683 2660 sui,
713 2576 799 2659 qnod
827 2574 958 2659 quidem
982 2576 1009 2639 si
1034 2575 1081 2639 ita
1108 2579 1172 2659 est,
1201 2574 1335 2639 minime
1364 2573 1466 2637 miror

145 2679 312 2744 rooaelum
335 2680 434 2745 etiam
457 2686 490 2745 et
514 2685 620 2747 terras
643 2680 708 2746 vim
733 2704 840 2766 suam,
870 2682 898 2746 si
921 2682 983 2746 tibi
1007 2683 1053 2746 ita
1076 2681 1261 2764 conveniat,
1290 2680 1463 2744 dimittere.

186 2786 423 2853 oratiunculam
441 2811 501 2874 pro
521 2789 687 2873 Deiotaro,
706 2811 803 2874 quam
823 2788 1021 2873 requirebas,
1038 2788 1199 2853 habebam
1218 2811 1355 2871 meeum,
1378 2787 1464 2870 quod
1484 2805 1499 2851 a

185 2916 250 2958 non
284 2899 447 2979 putaram:
480 2896 590 2980 itaque
623 2918 694 2975 eam
727 2895 789 2960 tibi
823 2895 910 2979 misi3
949 2918 1048 2980 quam
1081 2895 1178 2959 velim
1211 2896 1257 2960 sio
1289 2894 1394 2981 legas,
1427 2901 1463 2959 ut

186 3023 318 3066 eausam
349 3006 480 3067 tenuem
508 3007 541 3067 et
570 3001 699 3086 inopem
733 3024 793 3066 neo
825 3002 1001 3085 scriptione
1035 3022 1155 3087 magno
1188 3023 1284 3086 opere
1318 3001 1463 3085 dignam3

186 3108 241 3172 sed
265 3130 326 3195 ego
349 3109 473 3194 hospiti
493 3110 593 3174 veteri
617 3114 650 3173 et
673 3109 778 3174 amieo
798 3107 1025 3174 munusculum
1044 3108 1174 3173 mittere
1194 3108 1282 3174 volui
1301 3107 1463 3173 levidense

144 3235 171 3275 aa
186 3236 295 3280 crasso
318 3216 388 3294 filo,
416 3217 597 3281 cuiusmodi
624 3216 727 3302 ipsius
756 3216 863 3281 solent
891 3238 961 3281 esse
985 3238 1127 3281 munera.
1173 3219 1210 3280 tu
1233 3214 1331 3279 velim
1355 3215 1463 3279 animo

186 3321 326 3405 sapienti
348 3321 491 3407 fortique
515 3323 569 3406 sis,
596 3328 633 3386 ut
655 3328 713 3387 tua
736 3323 916 3388 moderatio
940 3327 974 3388 et
997 3323 1141 3408 gravitas
1165 3323 1302 3387 aliorum
1328 3321 1463 3385 infamet

185 3428 345 3493 iniuriam.

711 3571 800 3637 XIII.
835 3569 939 3656 (281.)

555 3730 713 3797 CICERO
737 3729 1034 3796 DOLABELLAE
1059 3727 1090 3796 S.

142 3894 170 3932 so
273 3873 306 3938 C.
333 3871 510 3938 Subernius
534 3873 672 3940 Calenus
696 3879 729 3938 et
753 3896 843 3938 meus
867 3879 917 3938 est
939 3872 1111 3937 familiaris
1135 3878 1168 3938 et
1192 3872 1327 3958 Leptae,
1355 3875 1460 3938 nostri
1485 3892 1495 3938 1

184 3978 445 4064 familiarissimi,
472 3981 745 4065 pernecessarius:
773 3981 801 4045 is
825 4003 899 4046 cnm
922 3981 1047 4045 vitandi
1075 3981 1153 4044 belli
1177 4002 1274 4045 eausa
1295 3980 1460 4065 profectus

184 4091 270 4150 esset
298 4087 330 4151 in
358 4086 553 4171 Hispaniam
584 4109 657 4152 eum
685 4086 728 4151 M.
748 4087 895 4151 Varrone
926 4091 1001 4151 ante
1032 4086 1167 4170 bellum,
1200 4091 1236 4150 ut
1263 4087 1297 4151 in
1326 4109 1363 4151 ea
1390 4109 1461 4171 pro·

185 4190 288 4257 vinoia
307 4198 403 4278 esset,
427 4195 544 4279 inqua
561 4216 656 4259 nemo
675 4199 825 4259 nostrum
844 4199 920 4279 post
939 4193 1112 4258 Afranium
1131 4199 1319 4277 superatum
1338 4194 1461 4259 bellum

184 4296 285 4361 ullum
313 4298 383 4362 fore
411 4304 556 4385 putaret,
586 4298 701 4364 incidit
729 4300 763 4364 in
790 4321 829 4364 ea
856 4300 926 4383 ipsa
954 4300 1053 4383 mala,
1084 4322 1166 4385 quae
1195 4322 1322 4365 summo
1352 4301 1460 4365 studio

273 4497 295 4546 1.
316 4508 381 4546 nam
400 4493 487 4565 (me)
507 4495 537 4547 et
555 4495 607 4546 olii
620 4495 630 4560 ΙΙ
644 4497 667 4547 4.
687 4492 793 4562 possim
811 4511 845 4548 ea·
863 4510 977 4562 possum
996 4493 1068 4560 M⁰l
1088 4499 1128 4546 11.
1149 4495 1181 4546 ut
1199 4509 1249 4546 orn.
1269 4492 1303 4545 H
1313 4496 1322 4562 ΙΙ
1338 4500 1379 4548 13.
1400 4512 1461 4547 sum

183 4578 232 4616 orn.
253 4563 291 4615 M
300 4567 309 4631 ΙΙ
325 4569 365 4619 19.
386 4564 466 4634 ades]
486 4563 553 4617 abes
575 4567 626 4633 ΨΙΙ
640 4570 682 4618 23.
702 4580 871 4634 magnopere
886 4565 947 4618 HD
961 4567 970 4633 ΙΙ
985 4570 1026 4617 24.
1046 4563 1123 4617 uolui
1142 4563 1200 4617 leui
1219 4564 1305 4648 dense
1325 4566 1363 4633 Η,
1383 4565 1461 4618 uolui

183 4650 244 4704 leue
263 4652 348 4705 dense
368 4654 405 4718 D,
424 4652 482 4707 leui
501 4653 604 4706 densae
619 4653 656 4706 Μ
666 4656 676 4722 ΙΙ
689 4659 731 4707 25.
752 4670 845 4707 crasso
864 4653 924 4723 filo]
943 4655 977 4719 cs.
995 4652 1057 4706 Otto
1078 4654 1219 4722 ‘Spriclun
1234 4655 1260 4707 d.
1276 4655 1323 4708 R.'
1341 4672 1371 4722 p.
1385 4659 1438 4706 224

182 4727 223 4776 30.
244 4740 266 4777 e.
287 4723 433 4777 subernius
453 4726 494 4792 M,
513 4742 535 4778 o.
557 4743 576 4777 s.
597 4724 730 4777 ubernius
750 4725 793 4792 H,
818 4725 949 4778 ubernius
969 4725 998 4777 D
1025 4727 1034 4793 ΙΙ
1068 4730 1109 4778 34.
1130 4726 1244 4793 putaret
1262 4725 1336 4792 HD,
1360 4728 1460 4795 putare

183 4794 224 4861 M,
242 4797 359 4863 putarat
377 4814 402 4863 ς,
423 4798 486 4850 bene
