3286 5460
588 388 845 444 EPISTVLARVM
864 389 884 444 Ι.
904 395 928 444 6.
949 394 972 444 7.
1411 391 1431 454 9

152 558 187 619 et
211 554 344 640 cognita
372 552 527 638 scribere,
555 553 763 619 vehementer
791 553 949 637 quosdam
976 553 1124 618 homines
1148 558 1182 618 et
1205 577 1260 620 eos
1284 555 1433 638 maxime,

153 662 209 745 qui
229 666 262 727 te
281 665 315 726 et
332 660 472 725 maxime
492 660 674 725 debuerunt
692 665 726 726 et
744 660 921 745 plurimum
941 661 1051 726 iuvare
1071 664 1257 746 potuerunt,
1279 661 1433 726 invidisse

153 768 309 855 dignitati
337 773 412 833 tuae
441 768 705 851 simillimamque
733 768 767 832 in
790 791 825 833 re
853 767 1004 833 dissimili
1032 768 1081 833 tui
1109 769 1265 853 temporis
1293 773 1435 834 nuncet

152 877 259 942 nostri
292 876 455 961 quondam
482 874 583 940 fuisse
611 875 786 960 rationem,
818 879 868 960 ut,
901 897 983 960 quos
1013 879 1050 939 tu
1081 875 1128 940 rei
1155 876 1305 959 publicae
1338 898 1435 941 causa

153 985 309 1065 laeseras,
337 981 444 1065 palam
472 983 505 1046 t'e
534 986 773 1067 oppugnarent,
804 1003 942 1065 quorum
970 982 1212 1066 auctoritatem,
1240 982 1434 1067 dignitatem

154 1091 421 1172 voluntatemque
449 1088 652 1172 defenderas,
679 1111 745 1154 non
774 1093 842 1153 tam
870 1110 1029 1153 memores
1058 1094 1166 1153 essent
1194 1089 1326 1153 virtutis
1350 1093 1435 1174 tuae,

153 1218 253 1280 quam
285 1194 390 1259 laudis
422 1194 555 1261 inimici.
602 1216 666 1280 quo
699 1193 828 1280 quidem
860 1198 1022 1279 tempore,
1055 1199 1092 1259 ut
1121 1195 1295 1288 perscripsi
1328 1196 1368 1260 ad
1402 1200 1435 1260 te

151 1308 259 1386 antea,
283 1301 422 1387 cognovi
439 1300 653 1367 Hortensium
672 1301 883 1385 percupidum
906 1301 965 1387 tui,
989 1302 1172 1367 studiosum
1191 1301 1372 1386 Lucullum,
1395 1323 1434 1366 ex

152 1407 404 1496 magistratibus
433 1412 544 1472 autem
567 1406 603 1472 L.
628 1407 789 1473 Racilium
817 1411 850 1472 et
877 1407 940 1472 fide
964 1412 997 1472 et
1020 1408 1128 1474 animo
1157 1408 1330 1495 singulari,
1359 1432 1435 1474 nam

152 1521 269 1583 nostra
301 1513 521 1600 propugnatio
550 1536 588 1578 ac
621 1512 764 1578 defensio
797 1513 969 1599 dignitatis
1002 1518 1077 1579 tuae
1109 1519 1244 1600 propter
1276 1516 1435 1602 magnitu-

152 1624 264 1689 dinem
288 1622 437 1687 beneficii
464 1620 513 1685 tui
541 1620 681 1685 fortasse
704 1620 868 1705 plerisque
896 1620 996 1685 officii
1024 1621 1181 1686 maiorem
1204 1623 1436 1688 anctoritatem

152 1730 276 1796 habere
295 1728 443 1793 videatur
462 1750 559 1812 quam
583 1727 771 1792 sententiae.
815 1732 984 1811 praeterea
1003 1728 1133 1811 quidem
1152 1728 1190 1792 de
1209 1728 1467 1794 consularibuss

153 1837 279 1903 nemini
306 1858 440 1922 possum
469 1840 525 1900 aut
553 1834 653 1899 studii
681 1854 760 1919 erga
782 1837 814 1897 te
837 1838 894 1897 aut
917 1834 1019 1898 officii
1042 1839 1099 1898 aut
1122 1835 1218 1899 amici
1241 1835 1342 1900 animi
1366 1858 1436 1900 esse

154 1945 265 2010 testis:
290 1942 410 2008 etenim
430 1941 632 2026 Pompeium,
655 1942 710 2025 qui
734 1963 861 2006 meeum
885 1941 1074 2025 saepissime
1092 1963 1157 2005 non
1177 1941 1283 2006 solum
1303 1943 1365 2026 <a>
1385 1965 1436 2007 me

138 2055 366 2138 provocatus,
398 2050 454 2114 sed
482 2049 582 2114 etiam
614 2070 673 2113 sua
703 2052 819 2133 sponte
847 2049 885 2113 de
913 2052 946 2112 te
978 2049 1215 2113 communicare
1244 2050 1341 2134 solet,
1374 2050 1436 2114 seis

155 2158 359 2244 temporibus
392 2156 458 2222 illis
485 2178 552 2222 non
585 2178 680 2241 saepe
708 2156 743 2220 in
771 2159 887 2221 senatu
918 2155 1032 2240 fuisse,
1065 2156 1116 2220 cui
1144 2157 1274 2241 quidem
1306 2156 1436 2222 litterae

156 2270 246 2348 tuae,
278 2286 357 2349 quas
385 2265 532 2348 proxime
557 2263 693 2328 miseras
719 2300 756 2310 —
783 2261 869 2347 quod
891 2261 986 2327 facile
1010 2261 1225 2327 intellexerim
1249 2300 1305 2346 -,
1333 2263 1437 2348 periu-

157 2373 280 2437 cundae
313 2372 453 2436 fuerunt.
504 2370 585 2435 mihi
616 2370 745 2454 quidem
775 2368 963 2434 humanitas
996 2374 1054 2434 tua
1084 2370 1136 2435 vel
1168 2393 1296 2434 summa
1326 2369 1438 2453 potius

159 2479 320 2563 sapientia
342 2499 408 2542 non
431 2477 570 2543 iucunda
588 2478 704 2560 solum,
728 2476 783 2541 sed
807 2476 907 2541 etiam
926 2476 1129 2542 admirabilis
1152 2477 1222 2541 visa
1245 2481 1309 2560 est;
1332 2476 1438 2541 virum

138 2586 244 2651 >enim
260 2585 471 2650 excellentem
490 2588 524 2650 et
542 2584 604 2649 tibi
623 2588 681 2648 tua
694 2583 876 2668 praestanti
894 2583 929 2648 in
948 2606 1022 2648 eum
1040 2583 1238 2648 liberalitate
1252 2584 1438 2648 devinctum

158 2692 307 2757 nonnihil
331 2693 553 2776 suspicantem
575 2695 710 2776 propter
729 2691 911 2774 aliquorum
936 2689 1122 2775 opinionem
1146 2713 1223 2755 suae
1247 2690 1438 2775 cupiditatis

160 2804 192 2864 te
215 2799 257 2864 ab
283 2820 316 2864 se
340 2798 561 2863 abalienatum
586 2798 643 2862 illa
664 2797 805 2882 epistola
828 2797 1007 2882 retinuisti,
1031 2798 1087 2881 qui
1111 2797 1192 2862 mihi
1216 2819 1288 2862 cnm
1313 2819 1440 2882 semper

160 2910 234 2971 tuae
266 2906 354 2970 laudi
387 2904 495 2970 favere
528 2905 618 2970 visus
651 2909 714 2984 est,
750 2905 849 2969 etiam
880 2904 953 2988 ipso
986 2903 1261 2987 suspiciosissimo
1294 2907 1439 2988 tempore

162 3011 353 3096 Caniniano,
382 3017 453 3078 tum
480 3035 557 3078 vero
585 3012 680 3077 lectis
704 3011 770 3076 tuis
797 3011 918 3075 litteris
946 3014 1134 3095 perspectus
1162 3014 1214 3074 est
1241 3033 1261 3074 a
1288 3033 1340 3075 me
1368 3016 1440 3076 toto

138 3120 271 3185 sanimo
300 3120 339 3184 de
368 3123 401 3185 te
429 3141 466 3184 ae
490 3120 528 3184 de
553 3119 619 3183 tuis
648 3118 847 3184 ornamentis
875 3122 909 3182 et
935 3117 1114 3184 commodis
1143 3117 1296 3203 cogitare.
1343 3131 1471 3203 quares

161 3249 211 3311 ea,
241 3249 323 3310 quae
347 3225 503 3309 scribam,
531 3225 578 3291 sic
601 3225 734 3306 habeto,
762 3247 813 3289 me
842 3247 916 3289 curn
939 3224 996 3290 illo
1021 3246 1055 3288 re
1079 3246 1175 3308 saepe
1203 3227 1443 3290 communicata

162 3334 199 3398 de
218 3333 308 3399 illius
328 3333 369 3397 ad
388 3337 421 3398 te
440 3333 604 3398 sententia
623 3338 721 3416 atque
740 3331 935 3398 auctoritate
959 3330 1113 3396 scribere:
1137 3332 1291 3415 quoniam
1310 3335 1441 3396 senatus

162 3440 347 3505 consultum
361 3439 488 3505 nullum
507 3444 625 3525 exstat,
644 3461 707 3523 quo
723 3438 867 3503 reductio
888 3438 975 3523 regis
989 3437 1200 3506 Alexandrini
1214 3437 1277 3502 tibi
1291 3438 1442 3521 adempta

164 3548 217 3632 sit,
246 3568 362 3630 eaque,
390 3567 472 3630 quac
497 3546 536 3610 de
560 3569 598 3610 ea
621 3546 744 3630 scripta
767 3549 817 3610 est
844 3544 1037 3630 auctoritas,
1066 3546 1117 3610 cui
1141 3544 1205 3611 scis
1229 3545 1442 3609 intercessum

138 3675 246 3738 nesse,
275 3657 312 3717 ut
339 3675 379 3716 ne
409 3653 481 3736 quis
513 3653 645 3718 omnino
674 3674 784 3738 regem
807 3651 987 3735 reduceret,
1018 3656 1145 3717 tantam
1172 3651 1238 3716 vim
1265 3651 1378 3734 habet,
1406 3655 1442 3715 ut

166 3760 267 3846 magis
295 3760 455 3823 iratorum
488 3759 657 3824 hominum
688 3758 832 3824 studium
865 3781 962 3842 quam
995 3758 1176 3823 constantis
1209 3763 1341 3823 senatus
1370 3780 1443 3823 con-

166 3866 272 3931 silium
297 3887 367 3930 esse
391 3866 552 3949 videatur,
583 3871 615 3930 te
639 3867 820 3950 perspicere
848 3888 957 3949 posse,
986 3865 1042 3949 qui
1066 3863 1212 3930 Ciliciam
1236 3864 1442 3951 Cyprumque

251 4047 275 4094 1.
296 4056 343 4094 eos
362 4039 485 4094 maxime
505 4040 550 4109 M,
577 4057 625 4095 eos
646 4042 699 4095 GR
713 4044 722 4105 ΙΙ
737 4046 762 4095 2.
782 4040 830 4109 qui
849 4039 890 4111 te]
906 4047 969 4109 post
987 4040 997 4094 i
1016 4059 1075 4095 una
1094 4042 1145 4096 litt.
1164 4058 1243 4095 erasa
1262 4043 1293 4094 in
1312 4041 1359 4107 M,
1381 4042 1394 4093 t
1412 4042 1445 4095 ic

167 4129 262 4166 rasura
275 4116 285 4177 t
300 4118 323 4164 4.
343 4110 457 4180 publice
478 4113 525 4179 M,
549 4112 680 4181 puplicae
701 4112 741 4179 G,
763 4130 789 4180 p.
810 4112 844 4165 R.
864 4113 941 4166 codd.
963 4112 1017 4167 GR
1037 4114 1067 4165 ia
1085 4114 1134 4166 hcc
1156 4114 1286 4166 ¹occcbulo
1303 4114 1444 4166 scabendo

167 4185 308 4237 satietates
331 4184 451 4252 amplius
473 4200 530 4237 noa
552 4185 745 4251 rotabuntur„
759 4189 783 4235 ῡ.
803 4182 907 4236 leseras
927 4187 953 4236 a
967 4187 977 4249 ΙΙ
991 4190 1015 4238 6.
1036 4182 1211 4237 immemores
1235 4185 1286 4237 atii
1304 4187 1313 4248 ΙΙ
1331 4182 1445 4235 uirtutis

166 4270 195 4307 rs
214 4254 357 4321 -teeM01
375 4256 407 4307 ia
425 4256 492 4307 tuae
511 4270 526 4306 e
546 4272 613 4308 corr.
630 4273 647 4306 a
662 4255 697 4306 M
699 4261 711 4288 ⁰
730 4257 805 4319 (tuas
824 4255 882 4323 Plu
903 4260 944 4308 11.
960 4253 1053 4308 officio
1072 4253 1208 4307 maiorum
1224 4257 1250 4307 a
1268 4252 1367 4320 (officii
1382 4271 1440 4306 ma-

167 4321 250 4378 iorem
269 4342 339 4379 corr.
354 4326 413 4393 Μ’)
427 4329 437 4390 Ι]
452 4330 493 4378 13.
514 4324 607 4377 auticii
628 4325 661 4377 M
666 4326 685 4392 ¹,
711 4324 797 4379 officii
816 4343 885 4379 corr.
905 4326 955 4379 Μῐ
968 4330 977 4394 n
992 4331 1033 4380 14.
1054 4324 1236 4395 saepissimae
1256 4325 1292 4377 M
1302 4327 1342 4389 lla
1361 4341 1405 4378 mc
1420 4342 1444 4392 ς,

168 4411 207 4448 ne
227 4395 269 4458 M,
288 4413 337 4449 cm.
356 4396 410 4450 GR
424 4402 433 4463 u
448 4401 489 4450 15.
510 4413 562 4449 sna
581 4398 680 4464 sponte
696 4401 777 4448 -16
805 4396 834 4448 in
854 4397 954 4449 senatu
972 4414 1022 4449 om.
1045 4397 1177 4463 (r'Rlll't.
1194 4401 1235 4450 18.
1254 4394 1444 4464 periucundae

168 4465 289 4537 fuerunt]
308 4466 443 4535 periucun
458 4469 487 4534 (n
502 4484 571 4522 corr.
586 4485 619 4520 ex
633 4472 671 4536 m)
691 4466 831 4520 defuerint
846 4468 888 4534 M,
908 4484 958 4535 per
974 4466 1067 4521 iocum
1082 4466 1229 4534 defuerint,
1249 4474 1280 4521 ct
1300 4468 1364 4534 oid,
1387 4469 1421 4520 M
1424 4476 1444 4534 ⁰,

167 4549 337 4630 peridcunda
355 4566 383 4633 (c
401 4584 420 4618 c
441 4567 466 4633 1)
491 4564 578 4618 fuerit
603 4567 641 4631 G,
669 4565 837 4633 periocunde
866 4564 971 4617 fuerint
989 4565 1016 4618 R
1039 4567 1048 4630 ΙΙ
1071 4571 1113 4618 20,
1135 4565 1168 4617 de
1186 4567 1190 4628 Ι
1206 4563 1369 4617 deuinctum
1394 4566 1428 4617 M

168 4638 204 4689 tl.
225 4635 399 4704 opinionem,
421 4653 464 4689 em
483 4654 552 4690 corr.
573 4637 608 4690 M
612 4645 623 4671 ⁰
636 4640 646 4704 11
660 4653 728 4690 suae
747 4637 822 4706 cup]
842 4634 1007 4704 cupiditatis
1027 4638 1074 4688 tue
1094 4637 1120 4689 R
1135 4638 1143 4703 ΙΙ
1158 4642 1200 4689 ⁶32.
1220 4637 1248 4688 te
1263 4652 1291 4702 ς,
1317 4636 1384 4688 tuae
1404 4637 1444 4702 M,

169 4709 193 4759 et
207 4709 274 4760 tuae
290 4708 324 4773 G,
338 4724 389 4761 om.
405 4706 432 4761 R
446 4711 511 4775 1126.
528 4707 568 4760 sie
580 4710 641 4776 GR,
657 4708 681 4760 si
698 4710 730 4761 M
745 4713 754 4774 ΙΙ
769 4713 810 4761 ⁶27.
826 4709 955 4759 senatum
970 4706 1005 4759 M
1017 4708 1086 4775 (tus
1097 4707 1156 4776 M1)
1170 4709 1178 4774 ΙΙ
1192 4712 1234 4760 28.
1250 4704 1380 4760 consultu
1392 4709 1427 4760 M
1436 4709 1445 4756 t

170 4781 206 4831 29.
228 4777 287 4831 sint
306 4777 341 4830 M
352 4781 360 4844 l
375 4778 409 4832 de
434 4794 468 4831 ea
491 4778 563 4849 (rc)
591 4779 696 4848 scripta
718 4781 761 4832 est
784 4781 886 4833 conieci
909 4795 974 4830 can.
996 4779 1063 4846 phil.
1085 4783 1152 4831 1891
1170 4797 1199 4847 p.
1219 4784 1251 4831 67
1267 4776 1445 4846 ''perscripta

176 4847 331 4922 lt'esenterp
344 4853 354 4919 t
367 4854 409 4903 31.
426 4856 468 4903 3‘2.
483 4850 641 4905 consultum
659 4853 762 4921 01132,
777 4849 934 4922 perspicere
948 4850 992 4917 M,
1010 4850 1141 4923 perficere
1158 4851 1191 4919 G,
1210 4849 1340 4903 uideatur
1355 4847 1383 4902 lt
