3286 5460
629 359 886 415 EPISTVLARVM
904 361 975 415 VIII.
995 368 1020 416 8.
1400 363 1464 427 195

184 521 283 586 vilius
313 514 354 586 de
387 523 573 606 repetundis
608 523 737 588 saucius
769 523 854 587 Pilio
887 524 1049 607 tradetur3
1084 547 1160 588 nam
1193 524 1232 589 de
1264 526 1464 590 divinatione

184 627 323 713 Appius,
345 651 419 694 cum
439 629 634 694 calumniam
654 631 802 713 iurasset,
826 631 1018 695 contendere
1042 653 1139 695 ausus
1161 653 1228 695 non
1246 637 1297 696 est
1316 632 1464 717 Pilioque

185 735 299 819 cessit,
326 739 359 799 et
386 735 457 820 ipse
485 737 523 801 de
551 737 697 821 pecuniis
720 738 908 822 repetundis
931 760 951 802 a
975 736 1120 802 Serviliis
1150 743 1200 802 est
1222 739 1409 823 postulatus
1433 743 1466 805 et

186 848 355 925 praeterea
383 842 421 907 de
450 843 482 908 vi
510 866 583 908 reus
612 866 631 908 a
659 844 799 929 quodam
831 866 889 908 suo
923 844 1105 928 emissario,
1138 843 1170 909 S.
1193 845 1317 927 Tertio,
1349 846 1465 911 faetus.

160 953 275 1014 erecte
307 951 370 1014 hoe
402 972 462 1034 par
493 950 602 1015 habet.
654 951 740 1035 quod
772 952 812 1015 ad
845 974 912 1015 rem
945 951 1111 1035 publicam
1143 952 1300 1034 pertinet,
1333 953 1502 1018 omninot

186 1056 300 1120 multis
328 1057 443 1122 diebus
471 1058 713 1142 exspectatione
742 1056 923 1122 Galliarum
951 1062 1060 1122 actum
1087 1058 1170 1122 nihil
1198 1064 1261 1141 est,
1290 1059 1464 1142 aliquando

186 1168 296 1226 lamen
319 1185 415 1248 saepe
439 1187 472 1228 re
497 1165 598 1229 dilata
621 1171 655 1229 et
677 1165 822 1251 graviter
841 1170 914 1230 ecta
937 1171 971 1230 et
993 1166 1089 1250 plane
1108 1169 1278 1250 perspecta
1297 1164 1354 1232 On.
1371 1166 1466 1232 Porn-

186 1269 239 1351 pei
272 1270 441 1336 voluntate
469 1271 503 1336 in
530 1295 603 1337 eam
630 1276 769 1356 partem,
801 1277 839 1335 ut
871 1294 944 1337 eum
976 1273 1128 1338 decedere
1161 1278 1237 1356 post
1265 1272 1303 1338 K.
1328 1274 1465 1338 Martias

186 1376 344 1461 placeret,
375 1383 507 1443 senatus
536 1379 736 1461 consultum,
769 1380 855 1462 quod
884 1379 945 1442 tibi
976 1380 1065 1461 misi,
1096 1379 1221 1443 facturn
1250 1383 1300 1443 est
1327 1380 1466 1445 auetori-

153 1503 175 1542 u
187 1485 337 1568 tutosque
360 1486 568 1570 perscriptae.

276 1589 431 1674 [Senatus
448 1593 619 1657 carrurltum
637 1592 832 1676 auctoritas]
856 1593 910 1657 Pr.
928 1593 970 1657 K.
993 1593 1130 1658 Octobris
1152 1595 1187 1658 iu
1206 1595 1279 1659 aede
1296 1594 1499 1675 Apollinisa

186 1698 283 1796 scrib
311 1698 480 1786 adfuerunt
507 1699 543 1762 L.
563 1697 723 1763 Domitius
756 1699 810 1764 Ou.
831 1699 855 1780 f.
880 1699 958 1792 Feb
981 1700 1218 1782 Ahenobarbus,
1255 1701 1289 1781 Q.
1314 1700 1465 1766 Caecilius

191 1802 227 1883 e.
252 1804 277 1885 f.
305 1805 385 1869 aaa.
418 1805 563 1871 Mearm
594 1806 673 1871 erus
705 1807 824 1888 aerea,
863 1808 900 1871 r.
916 1788 1040 1872 'recrea
1071 1807 1108 1870 e.
1138 1807 1164 1888 f.
1197 1807 1283 1871 em.
1316 1808 1465 1890 sumre,

189 1908 223 1974 0.
240 1909 410 1992 Septimius
435 1911 469 1975 Τ.
490 1912 515 1992 f.
540 1911 623 1993 Qui,
654 1912 686 1977 0.
705 1913 847 1977 lutatius
870 1911 902 1977 G.
923 1912 949 1993 f.
972 1913 1049 1995 Pup.
1070 1914 1204 1991 Hirrus,
1236 1913 1267 1979 0.
1287 1913 1466 1979 Scribonius

144 2015 220 2082 150.
242 2019 266 2097 f.
290 2018 366 2100 Pop.
389 2017 498 2103 Curio,
525 2019 562 2082 L.
587 2020 696 2083 Ateius
719 2019 755 2083 L.
776 2020 800 2099 f.
824 2021 887 2083 Aa.
911 2019 1033 2102 Capito,
1062 2021 1108 2084 M.
1131 2019 1255 2104 Eppius
1280 2021 1325 2084 M.
1346 2022 1371 2100 f.
1396 2022 1464 2085 Ter.

184 2125 268 2205 quod
288 2125 337 2189 M.
356 2125 527 2190 Marcellus
554 2146 611 2191 cos.
634 2148 660 2189 e.
681 2126 705 2206 f.
736 2127 772 2190 de
797 2128 969 2208 proviaciis
1000 2127 1228 2205 consularibus,
1260 2128 1288 2191 el.
1307 2149 1330 2191 e.
1349 2152 1373 2190 r.
1393 2129 1413 2191 i.
1432 2150 1465 2210 c,

185 2232 234 2294 uli
247 2232 284 2296 L.
302 2231 436 2298 Paralius
450 2231 481 2297 O.
497 2233 668 2297 Marcellus
685 2253 751 2317 cos,
770 2253 838 2296 curre
857 2235 1074 2316 mapistralum
1093 2236 1230 2316 inissent,
1249 2255 1286 2298 ea
1300 2235 1343 2298 K.
1356 2235 1465 2315 Mart,

184 2359 265 2419 quae
291 2340 327 2403 iu
354 2360 410 2404 suo
437 2341 623 2421 mapistratu
648 2340 776 2420 futurae
797 2346 905 2422 essent,
933 2342 970 2404 de
996 2342 1208 2405 consularibus
1232 2341 1401 2423 proviaciis
1423 2343 1467 2404 aa

185 2450 327 2510 serratum
350 2446 511 2528 referrent,
540 2468 612 2512 meve
639 2448 716 2529 quid
735 2449 829 2529 prius
850 2468 888 2512 ea
910 2447 951 2511 K.
972 2448 1069 2512 Mart.
1093 2449 1136 2512 ael
1156 2452 1295 2513 serratum
1318 2448 1465 2527 referrent

138 2569 172 2608 ²0
185 2573 258 2616 meve
279 2553 356 2633 quid
376 2553 572 2635 coniunctim,
595 2553 651 2636 [de
673 2575 708 2618 ea
732 2575 765 2618 re
788 2554 954 2634 referretur
976 2576 996 2618 a
1018 2554 1188 2638 masiliis]
1211 2556 1315 2635 uticae
1332 2556 1398 2619 eius
1420 2557 1465 2618 rei

185 2679 281 2724 causa
301 2680 360 2741 per
386 2661 451 2725 dies
478 2661 646 2725 comitiales
666 2666 809 2725 senatum
836 2660 980 2725 baberent
1006 2663 1163 2743 senatique
1189 2662 1360 2726 carsultum
1385 2661 1464 2740 face

186 2771 266 2848 reat,
294 2771 335 2848 et,
362 2787 432 2830 eum
455 2767 490 2830 de
513 2788 549 2830 ea
571 2789 604 2831 re
626 2769 669 2831 ad
689 2773 829 2832 seratum
851 2768 1027 2850 referretur,
1055 2791 1076 2832 a
1098 2769 1250 2851 consiliis,
1277 2770 1332 2849 qui
1359 2788 1464 2831 earrsm

276 2965 298 3012 1.
318 2958 478 3028 repetendis
498 2962 524 3013 a
546 2962 555 3027 1
578 2966 601 3014 4.
622 2959 767 3014 amissario
786 2960 813 3014 S.
832 2960 925 3014 Tettio
945 2963 1049 3015 errimus
1067 2963 1179 3030 quidam
1198 2963 1344 3027 Marrubii,
1360 2960 1463 3015 emissa

185 3031 304 3084 rustetio
321 3029 389 3099 (cio
407 3031 446 3099 lt)
465 3032 491 3083 a
517 3034 527 3100 11
554 3037 578 3086 ὁ.
597 3030 712 3100 publica
731 3032 768 3085 M
786 3034 796 3100 11
819 3037 842 3084 6.
863 3034 906 3085 est
928 3049 978 3086 om.
1001 3032 1055 3087 GR
1078 3036 1087 3101 11
1112 3037 1134 3085 7.
1158 3032 1295 3103 graviter]
1322 3031 1464 3102 ignaviter

186 3103 320 3173 Pluypers
338 3105 364 3169 (1
382 3120 410 3170 p.
426 3105 489 3170 275)
503 3105 513 3171 11
527 3108 551 3156 8.
571 3101 669 3155 martis
683 3103 721 3156 M
730 3105 740 3171 11
754 3109 778 3156 9.
799 3102 942 3156 consultus
956 3104 998 3157 M.
1026 3104 1185 3157 consultum
1198 3110 1281 3158 -11.
1301 3102 1462 3158 consultum

185 3190 235 3227 ora.
261 3173 316 3228 GR
343 3175 352 3242 11
380 3179 421 3226 11.
446 3176 560 3226 senatus
586 3173 744 3227 consultum
768 3177 845 3241 (-tus
864 3175 912 3242 M)
936 3174 1091 3228 auctoritas
1116 3176 1231 3241 inclusi,
1258 3177 1293 3242 cf.
1313 3176 1463 3229 Mommsen

187 3244 381 3298 ‘Staatsrecbt'
402 3243 440 3296 llI
458 3263 490 3325 p.
506 3249 583 3306 1008,
599 3251 622 3299 1.
656 3263 677 3298 s.
697 3262 719 3298 e.
745 3245 928 3299 auctoritates
951 3248 1081 3314 (terque
1101 3247 1270 3370 Wesenberg)
1293 3247 1441 3300 Manutius
1455 3252 1464 3315 ;;

186 3320 227 3368 1a.
248 3315 329 3369 scrib.
350 3314 392 3382 M,
411 3318 517 3384 scripta
536 3317 591 3370 GR
609 3319 619 3384 11
635 3317 654 3370 f.
675 3334 724 3369 om.
746 3316 823 3384 01111
837 3315 904 3369 Feb.
927 3317 1021 3384 Orelli,
1039 3316 1133 3371 fabius
1152 3320 1178 3371 a
1192 3320 1201 3386 11
1215 3319 1239 3368 Α
1260 3317 1418 3372 enobarbus
1431 3350 1461 3355 --

187 3392 227 3440 13.
251 3386 319 3440 Fab.
347 3404 397 3440 aru.
425 3387 480 3441 GR
507 3389 516 3455 11
545 3393 585 3441 12.
613 3387 644 3450 Q.
671 3385 822 3456 Caecilius]
851 3387 965 3454 quintus
994 3387 1099 3442 caelium
1122 3390 1159 3442 M
1183 3392 1192 3456 11
1221 3394 1261 3442 13.
1291 3388 1383 3442 fabius
1408 3389 1462 3455 Mi

186 3456 204 3510 f.
224 3457 354 3511 metellus
372 3457 401 3512 R
414 3459 424 3526 11
437 3456 504 3510 Pius
519 3457 612 3527 Scipio
625 3457 655 3511 L.
666 3456 769 3511 Villius
788 3457 817 3510 L.
833 3457 865 3528 l]
885 3457 948 3526 pius
968 3457 1055 3527 scipio
1075 3459 1092 3513 l.
1112 3459 1160 3513 iul.
1180 3460 1198 3513 1.
1215 3460 1232 3512 f.
1248 3461 1289 3526 M,
1309 3478 1334 3528 p.
1355 3458 1463 3527 scippio

186 3528 204 3582 l.
222 3529 271 3584 iul.
291 3527 309 3583 l.
329 3527 387 3581 fab.
409 3531 446 3595 G,
470 3547 497 3597 p.
517 3529 605 3598 scipio
624 3528 641 3582 l.
662 3529 746 3582 iulius
765 3528 783 3582 l.
803 3529 822 3583 f.
842 3529 870 3583 a
897 3532 906 3598 11
936 3537 976 3583 14,
996 3529 1108 3597 quirina
1131 3530 1183 3600 (·ni
1203 3532 1240 3599 G)
1260 3533 1298 3597 a,
1322 3531 1368 3584 sed
1391 3533 1463 3583 rectis

185 3601 250 3655 baec
273 3601 429 3668 perscripta
455 3607 541 3654 eraut.
579 3602 613 3667 cf.
639 3601 805 3655 Kubitscbelc
833 3600 881 3653 ‘de
903 3601 981 3654 Rara.
1006 3603 1080 3655 trib!
1110 3619 1137 3670 p.
1156 3606 1203 3668 34,
1225 3607 1274 3653 151
1303 3604 1312 3669 11
1338 3599 1462 3654 Lucilius

186 3671 226 3724 Ni
295 3672 353 3740 dep.
373 3669 464 3724 lucius
483 3673 517 3737 a,
537 3670 660 3724 lucceius
680 3688 704 3728 ς.
742 3672 777 3737 cf.
797 3671 919 3724 Willems
939 3673 974 3724 ‘le
992 3674 1079 3726 sbuat’
1101 3672 1157 3741 lp.
1173 3677 1225 3725 620
1239 3674 1248 3741 11
1262 3671 1330 3740 Pup.
1350 3671 1461 3741 Hirrus]

186 3688 335 3810 puiiiirrus
354 3743 380 3793 a
394 3744 403 3809 11
418 3746 458 3796 lb.
479 3742 569 3795 ateius
590 3742 630 3808 M,
650 3741 758 3795 ateius
778 3742 814 3808 R,
834 3741 958 3795 natteius
978 3743 1004 3797 G
1018 3745 1027 3811 11
1041 3744 1091 3796 Au.
1112 3742 1223 3812 Capito]
1244 3742 1376 3812 ancapitc
1392 3743 1460 3810 MG,

187 3811 754 3953 lllllllilmtlplll⁸u¹⁰flllllll
773 3813 875 3936 tit·
892 3812 1290 3953 ollldlliiellllllll‘lel
1303 3813 1340 3937 li·
1353 3813 1462 3952 {llll

187 3956 271 4008 uiridi
289 3957 320 4008 irs
338 3957 400 4024 my.)
424 3953 546 4022 Poppius
570 3956 603 4024 (P
626 3963 723 4009 atrum.
747 3957 841 4022 rubra)
864 3973 899 4008 m.
919 3955 938 4009 f.
957 3958 1007 4008 ter.
1028 3974 1048 4008 s.
1068 3957 1103 4011 R.
1133 3958 1167 4023 cf.
1190 3957 1310 4009 ll'r'llems
1329 3955 1341 4008 I
1357 3975 1385 4024 p.
1401 3960 1460 4008 537.

186 4027 216 4078 iu
235 4025 285 4079 sal.
306 4043 450 4095 capmomea
468 4028 550 4079 latere
571 4034 632 4094 post
656 4028 725 4079 alios
749 4033 828 4093 pratel
848 4027 1014 4080 Krrbitscbelc
1040 4030 1049 4095 11
1079 4034 1118 4082 16,
1140 4044 1193 4081 cos.
1207 4060 1220 4064 -
1251 4032 1291 4081 17.
1311 4026 1461 4079 Marcellus

186 4113 235 4150 om.
252 4097 357 4164 01117.
376 4096 418 4167 L.]
439 4114 461 4150 c.
481 4097 543 4151 MR
557 4101 566 4166 11
579 4097 680 4165 paulus
700 4098 761 4151 MR
775 4100 785 4166 11
798 4113 832 4150 ex
846 4096 908 4150 Kal.
924 4098 1005 4151 Mart.
1023 4099 1191 4169 ll'aseuberp,
1210 4098 1276 4152 ad.
1297 4115 1331 4151 ex
1351 4116 1384 4150 -κ-
1404 4097 1460 4151 kal.

187 4167 302 4221 martias
332 4167 404 4231 MG,
433 4168 469 4220 ad
499 4186 533 4232 ex
559 4170 629 4237 (erup.
651 4187 684 4222 m.
704 4171 730 4237 1)
758 4167 814 4222 kal.
834 4170 915 4222 mart.
940 4169 975 4222 R.
1014 4169 1165 4237 otmnibus)
1192 4169 1312 4238 dtiebus)
1339 4185 1372 4221 ex
1398 4169 1460 4222 Kal.

186 4236 266 4292 biart.
285 4239 320 4292 F.
337 4239 490 4305 Hofruaua,
508 4241 599 4308 qualis
618 4247 706 4294 tamea
724 4247 790 4293 mota
808 4258 864 4292 rura
882 4246 957 4293 catat
970 4243 979 4307 11
995 4247 1035 4294 18.
1058 4240 1152 4294 futura
1171 4242 1265 4294 essent
1279 4241 1347 4304 MG,
1366 4240 1462 4292 futura

187 4325 275 4362 essem
292 4310 321 4363 R
334 4312 344 4378 11
362 4309 555 4363 consulatibus
576 4311 612 4362 M
630 4314 640 4378 11
665 4316 705 4364 19.
725 4309 822 4363 martis
842 4311 879 4363 M
895 4314 904 4376 11
927 4316 968 4364 20.
989 4311 1057 4378 quid
1078 4313 1141 4377 GR,
1160 4311 1223 4380 quis
1244 4312 1281 4364 M
1298 4314 1307 4379 11
1330 4310 1460 4363 coniunc-

187 4380 235 4432 tim
254 4382 300 4447 M,
329 4380 455 4434 iunctum
479 4381 563 4448 GR',
587 4381 683 4434 iunctu
703 4381 744 4435 12¹
771 4385 780 4451 11
808 4381 1022 4434 de-consiliis
1048 4401 1108 4436 cam
1133 4383 1293 4449 Hafmanaa
1316 4400 1349 4435 ex
1368 4399 1405 4436 cs.
1426 4388 1459 4434 22

187 4453 292 4506 ineerta
306 4460 376 4520 puto
394 4455 403 4520 11
421 4468 450 4505 re
470 4452 618 4505 referretur
639 4454 672 4519 (ι’,
691 4469 721 4505 re
740 4452 909 4507 referrentur
928 4455 968 4519 M,
988 4469 1017 4505 re
1035 4453 1154 4507 ferretur
1172 4455 1198 4506 R
1212 4457 1221 4521 11
1240 4452 1376 4523 consiliis]
1397 4469 1459 4506 con-

188 4521 293 4576 sulibus
313 4541 329 4580 ς
354 4526 363 4592 11
389 4530 431 4578 ⁶21.
451 4522 597 4577 comitales
617 4526 653 4577 M
672 4526 681 4592 11
704 4530 746 4577 21.
766 4530 808 4578 22.
829 4525 957 4576 senatum
976 4524 1114 4577 haberent
1138 4523 1284 4592 senatique
1302 4523 1460 4577 consultum

187 4592 322 4664 facerent]
352 4598 481 4648 senatum
504 4595 622 4648 haberes
646 4612 713 4648 sane
730 4600 733 4662 1
750 4598 864 4663 tumque
891 4612 965 4648 cons.
992 4594 1098 4649 faceret
1121 4597 1166 4663 M,
1194 4597 1321 4648 senatum
1344 4595 1461 4648 haberet

187 4681 285 4720 nesene
309 4669 449 4735 natusque
472 4667 596 4720 'efaceret
620 4668 657 4731 G,
688 4669 815 4719 senatum
839 4666 957 4720 haberet
980 4682 1013 4718 ne
1037 4670 1151 4720 senatus
1179 4665 1337 4720 consultum
1365 4667 1461 4720 consul

187 4734 290 4791 laceret
309 4737 337 4790 R
360 4742 369 4806 11
392 4743 434 4792 2⁸2.
455 4741 484 4790 et
503 4739 548 4804 M,
568 4740 599 4790 ut
619 4738 673 4792 GR
697 4741 705 4806 11
728 4738 897 4791 referrentur
915 4739 956 4792 M.
994 4737 1128 4791 referrent
1146 4741 1177 4791 ut
1196 4738 1340 4804 Hafmumr
1363 4741 1373 4807 1
1396 4754 1461 4791 con-

188 4805 268 4879 siliis]
298 4807 461 4862 consulibus
490 4827 514 4866 ς.
552 4811 587 4874 cf.
615 4809 766 4863 Morumsea
795 4808 993 4863 ‘Sluatsrecbt’
1019 4808 1057 4862 III
1077 4828 1106 4878 p.
1126 4815 1177 4862 583
1204 4813 1214 4877 11
1241 4810 1349 4879 eorum]
1376 4810 1462 4864 simili

1197 4899 1248 4950 13*
