3314 5460
266 388 333 454 420
720 390 756 446 M.
776 390 882 445 TVLLI
903 389 1092 446 CICERONIS

266 576 340 619 cum
373 555 481 619 salvus
514 555 654 632 veneris,
689 555 722 619 in
754 577 867 620 meane
895 559 1059 640 potestate
1088 555 1132 619 sit
1164 560 1329 640 spectrum
1360 560 1468 640 tuum,
1501 560 1551 639 ut,

265 661 402 727 simulac
426 662 506 726 mihi
535 661 729 726 conlibitum
754 663 798 726 sit
825 664 864 727 de
893 667 925 726 te
954 663 1114 747 cogitare,
1142 661 1223 725 illud
1249 668 1412 745 occurrat,
1440 684 1550 747 neque

265 769 371 833 solum
402 769 440 832 de
474 774 520 852 te,
553 768 608 853 qui
640 767 721 832 mihi
748 768 861 833 haeres
889 770 924 832 in
952 767 1115 851 medullis,
1148 768 1219 854 sed,
1250 769 1278 833 si
1307 769 1447 834 insulam
1474 768 1551 834 Bri-

264 877 408 939 tanniam
438 897 573 959 coepero
603 875 763 961 cogitare,
790 875 859 940 eius
887 877 1028 940 εἴδωλον
1051 875 1132 939 mihi
1155 875 1322 940 advolabit
1345 877 1386 940 ad
1409 875 1550 960 pectus?

228 981 319 1046 sscd
347 980 427 1047 haec
456 983 631 1066 posterius,
660 986 785 1066 tempto
814 983 900 1047 enim
925 987 971 1065 te,
1001 1004 1065 1066 quo
1090 981 1198 1047 animo
1223 983 1376 1066 accipias:
1406 983 1549 1047 sienim
1578 1005 1592 1044 s

263 1087 511 1153 stomachabere
534 1094 568 1152 et
592 1089 727 1153 moleste
752 1089 849 1169 feres,
876 1089 972 1173 plura
983 1089 1139 1161 dicemus
1162 1081 1484 1173 postulabimusque,
1509 1109 1548 1153 ex

263 1216 327 1279 qua
350 1194 472 1281 αἱρέσει
498 1215 532 1260 vi
555 1213 748 1261 nouialsvs
772 1213 926 1262 ssusrls
950 1196 1093 1261 deiectus
1117 1195 1177 1278 sis,
1208 1196 1243 1259 in
1266 1218 1338 1260 eam
1360 1197 1548 1261 restituarc.

263 1302 297 1365 in
319 1301 383 1366 hoc
406 1302 581 1367 interdicto
604 1324 670 1367 non
694 1303 779 1367 solet
801 1303 875 1366 addi
899 1320 937 1366 in
961 1319 1031 1368 Hoc
1055 1319 1164 1385 Anno,
1188 1324 1298 1386 quare,
1320 1302 1349 1367 si
1370 1303 1437 1367 iam
1456 1303 1548 1368 bien·

261 1409 353 1473 nium
386 1413 443 1473 aut
474 1408 651 1473 triennium
680 1412 743 1494 est,
775 1432 849 1475 cum
877 1408 992 1473 virtuti
1020 1408 1171 1474 nuntium
1200 1410 1356 1475 remisisti
1382 1410 1548 1474 delenitus

262 1514 434 1579 inlecebris
458 1515 653 1599 voluptatis,
680 1515 715 1579 in
737 1516 867 1601 integro
890 1538 941 1580 res
965 1513 1061 1579 nobis
1084 1515 1161 1579 erit:
1190 1537 1386 1601 quamquam
1412 1516 1548 1601 quicum
1565 1541 1592 1579 io

262 1620 401 1704 loquor?
447 1644 521 1687 cum
548 1643 613 1686 uuo
641 1622 822 1687 fortissimo
852 1622 935 1701 viro,
967 1622 1036 1705 qui,
1063 1627 1179 1705 postea
1206 1644 1304 1706 quam
1332 1622 1441 1688 forum
1471 1624 1548 1688 atti·

262 1726 355 1812 gisti,
378 1728 460 1792 nihil
484 1728 592 1794 fecisti
615 1729 679 1793 nisi
702 1729 928 1814 plenissimum
952 1729 1173 1813 amplissimae
1197 1728 1376 1815 dignitatis.
1420 1731 1456 1794 in
1480 1731 1548 1795 istu

260 1835 334 1919 ipsa
361 1833 484 1920 αἱρέσει
514 1840 624 1900 metuo
654 1858 693 1900 ne
722 1837 796 1920 plus
824 1858 997 1901 nervorum
1026 1835 1084 1919 sit,
1114 1857 1211 1918 quam
1239 1856 1301 1922 ego
1328 1837 1491 1922 putarim,
1518 1838 1547 1902 si

261 1941 357 2006 modo
391 1965 462 2007 eam
491 1946 528 2007 tu
560 1943 689 2027 probas.
736 1943 809 2027 ‘qui
842 1944 874 2008 id
907 1943 969 2007 tibi
1001 1942 1033 2007 in
1068 1947 1211 2008 mentem
1243 1942 1371 2008 venitl'
1405 1943 1546 2029 inquies.

261 2048 338 2132 quia
369 2048 450 2112 nihil
484 2049 646 2115 habebam
679 2049 780 2133 aliud,
812 2051 899 2134 quod
932 2050 1122 2132 scriberem
1157 2051 1195 2114 de
1224 2073 1258 2114 re
1286 2073 1316 2134 p.
1344 2050 1433 2115 enim
1462 2050 1547 2116 nihil
1563 2074 1588 2113 is

261 2155 403 2219 scribere
427 2178 570 2240 possum,
593 2178 653 2221 nec
676 2156 772 2240 enim,
796 2157 882 2239 quod
906 2156 1021 2238 sentio,
1043 2155 1126 2220 libet
1150 2156 1299 2221 scribere.

784 2405 887 2470 xvn.
920 2403 1023 2493 (aso.)

521 2508 524 2515 ’
638 2546 680 2613 u.
706 2546 865 2613 oroneo
890 2547 924 2614 c.
949 2545 1103 2614 cassio
1129 2546 1160 2613 s.

227 2703 239 2748 1
350 2688 582 2773 Praeposteros
605 2688 707 2755 habes
731 2691 935 2775 tabellarios,
959 2691 1020 2755 etsi
1044 2712 1096 2755 me
1120 2691 1250 2776 quidem
1273 2714 1338 2757 non
1359 2692 1546 2778 offendunt3

260 2796 317 2860 sed
340 2800 460 2882 tamen,
483 2819 556 2863 oum
580 2820 600 2861 a
623 2819 674 2861 me
698 2799 877 2882 discedunt,
899 2798 1053 2883 flagitant
1072 2797 1210 2881 litteras,
1234 2799 1366 2863 eumad
1385 2821 1438 2864 me
1459 2801 1586 2866 veni-so

260 2904 466 2981 unt,'nullas
496 2904 659 2987 adferunt,
687 2909 785 2989 atque
809 2905 842 2968 id
866 2905 972 2988 ipsum
996 2904 1142 2970 iacerent
1165 2905 1382 2990 commodius,
1409 2907 1439 2971 si
1464 2908 1548 2972 mihi

259 3009 382 3093 aliquid
411 3010 511 3095 spatii
540 3011 807 3076 adscribendum
834 3013 962 3095 darent,
988 3012 1044 3076 sed
1068 3012 1208 3096 petasati
1232 3012 1380 3096 veniunt,
1404 3014 1546 3078 comites

259 3116 299 3178 ad
328 3121 458 3199 portam
487 3123 675 3201 exspectare
704 3117 824 3183 dieunt.
870 3139 948 3203 ergo
976 3119 1141 3204 ignosces:
1172 3119 1293 3184 alteras
1320 3118 1462 3185 habebis
1486 3120 1547 3185 has

258 3221 381 3305 brevis,
413 3224 469 3287 sed
501 3230 655 3308 exspecta
685 3225 792 3289 πάντα
823 3223 899 3310 περὶ
931 3225 1080 3304 sedatos,
1112 3225 1174 3290 etsi
1203 3225 1279 3310 quid
1308 3247 1369 3311 ego
1398 3249 1453 3291 me
1483 3227 1547 3292 tibi

258 3349 377 3413 purgo,
405 3351 478 3394 cum
506 3330 556 3395 tui
584 3330 623 3394 ad
652 3353 702 3395 me
726 3329 838 3395 inanes
862 3331 1009 3416 veniant,
1036 3332 1076 3396 ad
1100 3335 1133 3395 te
1164 3352 1238 3395 cum
1262 3331 1410 3415 epistulis
1436 3356 1545 3398 rerer·
1562 3359 1585 3397 as

223 3447 239 3494 2
258 3435 393 3499 tantur?
434 3458 494 3501 nos
515 3436 577 3521 hic,
600 3441 637 3501 ut
657 3441 766 3501 tamen
785 3438 825 3502 ad
844 3441 876 3501 te
897 3438 1038 3502 scribam
1058 3436 1190 3522 aliquid,
1211 3436 1247 3503 P.
1266 3437 1391 3503 Sullam
1409 3445 1546 3524 patrem

244 3547 423 3606 mortuum
460 3542 673 3608 habebamus:
711 3544 767 3607 alii
805 3566 824 3608 a
855 3543 1053 3628 latronibus,
1090 3543 1147 3607 alii
1179 3545 1339 3610 cruditate
1372 3544 1545 3633 dicebant,

257 3649 396 3733 populus
420 3673 486 3714 non
510 3650 654 3736 curabat,
678 3654 885 3716 combustum
909 3651 997 3714 enim
1021 3672 1091 3715 esse
1115 3651 1297 3716 constabat.
1333 3648 1396 3716 hoc
1421 3657 1461 3717 tu
1480 3676 1543 3738 pro

257 3776 469 3785 ———--

255 3841 318 3910 olis)
325 3842 481 3911 Munatius,
491 3844 565 3911 quod
575 3844 620 3897 val
629 3843 665 3897 iis
673 3843 736 3914 ipsa
744 3843 1044 3910 occsuruntVictorias,
1051 3843 1126 3911 quod
1134 3842 1179 3897 vel
1186 3842 1249 3913 ipsa
1257 3847 1407 3897 accurrunt
1414 3845 1544 3914 Ermsti,

255 3913 330 3981 quod
348 3913 418 3968 velis
437 3914 531 3987 <nolis
568 3917 612 3983 (cs.
628 3917 661 3969 dc
674 3917 726 3969 bac
739 3916 859 3982 [cunata
874 3915 1005 3980 Wazfflin
1018 3931 1085 3968 mas.
1100 3915 1188 3969 Rhea.
1203 3908 1339 3969 mvn.
1355 3920 1435 3970 lasa.
1448 3935 1479 3986 p.
1495 3922 1544 3988 88)

255 3982 317 4052 ipsa
337 3988 485 4039 accurrunt
537 3987 593 4040 ,Α
609 3987 684 4041 Koch
702 3988 778 4054 (mus.
798 3987 884 4040 Rhea.
900 3984 951 4038 XII
967 4003 996 4054 p.
1012 3988 1088 4053 270),
1108 3985 1183 4054 quod
1201 3984 1283 4040 nobis
1301 3985 1365 4055 ipsa
1384 3993 1543 4044 accurrunt

254 4054 338 4109 Klotz
351 4057 360 4122 ΙΙ
375 4063 398 4110 1.
419 4057 514 4111 saluus
532 4058 599 4126 (non
618 4056 730 4126 salutis)
748 4059 828 4110 etiam
849 4057 886 4108 M
895 4058 905 4125 l
919 4056 968 4125 sit]
988 4058 1021 4109 ut
1039 4055 1077 4109 sit
1098 4057 1177 4125 ²1¹Fss
1191 4062 1215 4110 2.
1236 4059 1365 4111 accurrat
1380 4059 1436 4112 alii
1449 4062 1460 4130 Ι
1474 4065 1499 4114 3.
1516 4061 1543 4115 si

254 4126 324 4195 MD,
344 4126 373 4179 in
393 4127 457 4182 ΓΗ
467 4130 476 4198 l
491 4134 514 4181 3.
531 4134 554 4182 4.
570 4127 755 4182 brittanniam
770 4127 868 4180 MFH
877 4129 888 4196 l
902 4133 926 4182 4.
942 4143 1040 4196 cepero
1056 4127 1124 4193 FH,
1144 4144 1225 4182 coero
1239 4129 1274 4182 M
1286 4129 1295 4196 ΙΙ
1309 4127 1471 4184 aduolabat
1484 4131 1535 4201 Hp

253 4202 277 4251 o.
296 4199 375 4252 tento
391 4216 406 4257 ς
425 4201 434 4268 l
454 4204 477 4253 θ’.
498 4199 710 4253 stomachauere
724 4199 766 4266 Μ,
786 4198 962 4252 stomachare
981 4199 1015 4251 H
1029 4201 1038 4266 u
1058 4204 1081 4252 7.
1100 4196 1204 4267 αἱρέσει
1221 4200 1318 4266 Orelli,
1330 4198 1433 4254 *heresi
1455 4202 1521 4257 ‘PF
1531 4206 1541 4271 t

252 4268 281 4321 ui
295 4269 371 4337 MD,
395 4269 425 4323 in
449 4270 517 4324 ΓΗ.
537 4279 652 4325 ceteram
673 4272 708 4337 cs.
733 4271 819 4324 Leael
837 4271 878 4324 ‘d
899 4270 1031 4323 Edictum
1051 4271 1228 4340 perpetuam’
1245 4289 1275 4340 p.
1295 4273 1411 4339 376118.
1432 4277 1460 4328 9.
1479 4273 1540 4328 iam

252 4339 397 4393 biennium
421 4345 465 4394 cst
487 4358 550 4394 cum
569 4372 602 4381 -
623 4348 663 4396 10.
687 4340 842 4410 voluptatis
865 4342 944 4395 liutet
967 4341 1078 4395 Noniae
1097 4359 1127 4410 p.
1151 4346 1204 4396 278
1227 4341 1325 4409 Mera,
1354 4348 1372 4396 t.
1397 4342 1412 4396 I
1432 4362 1464 4414 p.
1483 4350 1540 4399 435

252 4411 334 4464 Melz.
349 4414 359 4480 ΙΙ
373 4417 396 4466 9.
422 4412 574 4478 delenitus,
599 4415 647 4467 ult.
667 4430 681 4467 e
704 4432 738 4468 aa·
756 4431 824 4468 corr.
843 4431 877 4467 m.
899 4418 926 4479 1,
951 4412 985 4464 H
995 4414 1003 4480 lt
1019 4417 1060 4466 11.
1079 4413 1294 4483 posteaquam]
1313 4428 1539 4484 possessaquam

251 4481 322 4551 MD,
342 4499 473 4552 possessa
492 4485 554 4536 ΓΗ
564 4487 574 4552 ΙΙ
589 4489 629 4538 13.
649 4483 785 4554 putarim]
804 4485 935 4553 putaram
951 4483 1117 4554 lt'eseuberp,
1135 4486 1245 4538 iniuria
1259 4491 1329 4553 pato
1344 4486 1375 4538 ia
1388 4488 1538 4542 stoderani

251 4554 453 4609 adsistrilutioae
472 4557 610 4622 offerideas
632 4558 641 4624 ΙΙ
665 4562 706 4609 14.
722 4555 771 4624 qui
789 4555 819 4607 id
838 4556 947 4620 &hetta
968 4553 1036 4621 quid
1058 4556 1116 4608 ΨΚ
1136 4557 1146 4624 ΙΙ
1169 4560 1211 4608 lo.
1230 4555 1351 4609 habeam
1370 4555 1417 4624 H,
1442 4557 1538 4614 habeo

251 4622 371 4693 amphus
391 4626 421 4678 F
438 4629 447 4694 ΙΙ
467 4631 507 4680 16.
529 4624 610 4680 lubet
630 4627 720 4680 FHD
738 4629 747 4696 11
766 4633 808 4681 21.
828 4626 920 4693 adque
939 4625 976 4678 M
990 4628 1059 4693 1122.
1080 4625 1129 4679 sed
1147 4625 1273 4695 petasati
1290 4626 1337 4694 M,
1361 4627 1414 4681 sed
1432 4632 1538 4699 petunt

251 4695 347 4748 statim
371 4699 403 4749 ut
423 4697 513 4751 FHD
535 4702 544 4765 ΙΙ
568 4703 610 4752 23.
630 4696 760 4766 ignoscas
780 4698 822 4750 ΙΙΙ
845 4701 854 4765 l
877 4696 981 4749 alteras
1001 4696 1120 4751 habebis
1138 4697 1184 4765 M,
1208 4696 1313 4752 alteras
1332 4697 1390 4752 iam
1411 4698 1536 4756 habebis

250 4765 348 4833 ΓΗΒ,
367 4769 430 4832 sort.
449 4775 518 4822 recte
531 4771 541 4838 ΙΙ
555 4775 596 4822 24.
616 4769 710 4823 breuis
729 4769 765 4823 ed
784 4771 917 4838 exspecta
935 4767 972 4819 M
981 4770 991 4835 l
1004 4772 1047 4820 26.
1066 4770 1213 4823 attamen
1232 4768 1336 4838 ΓΗΒ,
1358 4772 1461 4826 tamen
1479 4773 1518 4827 M
1527 4788 1538 4847 μ,

250 4834 293 4909 Ρ.]
313 4834 338 4888 d.
361 4838 427 4903 ΨΡ,
445 4840 496 4893 dcl.
516 4841 567 4893 ulii
580 4842 590 4907 lt
604 4845 646 4894 ς27.
666 4840 806 4894 cruditate
827 4839 898 4907 MD,
917 4836 1085 4893 crudelitate
1104 4839 1168 4894 ΓΗ
