3314 5460
544 118 800 174 EPISTVLARVM
819 119 891 173 VIII.
913 125 935 174 1.
956 125 980 174 2.
1001 125 1024 174 3.
1360 119 1423 185 187

124 282 271 351 issima
285 285 336 346 est
350 281 562 366 existimati03
581 304 642 367 ego
657 283 756 349 incidi
770 284 805 348 in
819 283 1055 368 conpetitorem
1069 284 1214 349 nobilem
1232 288 1266 350 et
1280 285 1423 351 nobilem

124 392 305 479 egentem,
327 410 405 453 nam
424 388 467 453 M.
482 388 637 454 Octavius
652 388 744 455 Onf.
765 394 799 455 et
814 387 848 455 C.
863 389 981 456 Hirrus
1000 412 1127 456 mecum
1145 390 1237 476 petit.
1269 391 1332 456 hoc
1351 391 1423 456 ideo

124 498 199 565 :cri
200 496 268 581 psi,
287 497 375 581 quod
390 496 458 561 scio
473 500 506 561 te
520 497 639 562 acriter
652 502 787 583 propter
800 497 935 562 Hirrum
953 498 1105 563 nuntium
1124 502 1311 563 nostrorum
1326 499 1424 564 comi·

124 607 263 670 iorum
292 608 564 687 exspectaturum.
606 608 643 669 tu
667 608 777 669 tamen
805 604 941 670 simulac
965 626 1016 669 me
1040 605 1246 691 designatum
1274 605 1425 688 audieris,

124 717 160 775 rt
204 710 271 774 tibi
295 732 391 774 curae
414 711 472 794 sit,
499 710 692 796 quod<ad>
714 710 890 795 pantheras
914 710 1048 797 attinet,
1075 732 1165 797 rogo.
1203 711 1423 796 syngrapham

124 816 321 882 {ittianam
339 816 402 881 tibi
422 818 619 882 commendo.
654 818 924 884 commentarium
944 841 1051 884 rerum
1064 819 1264 884 urbanamm
1280 817 1423 903 primum

124 925 214 989 ledi
240 923 274 989 L.
299 923 464 990 Castrinio
488 924 603 1010 Paeto,
627 925 802 991 secundum
826 925 869 1009 ei,
893 924 949 1010 qui
971 924 1031 991 has
1055 925 1184 990 litteras
1208 924 1269 989 tibi
1292 924 1389 989 dedit.

697 1094 755 1159 111.
789 1093 871 1178 (so.)

541 1208 732 1276 onunrvs
756 1208 970 1276 cronnour
995 1210 1027 1276 s.

235 1335 359 1399 Estne?
391 1334 455 1400 rici
478 1339 512 1400 et
535 1335 597 1398 tibi
620 1357 731 1420 saepe,
761 1337 847 1420 quod
876 1357 1014 1421 negaras
1042 1336 1209 1402 discedens
1235 1339 1423 1401 curaturum
1444 1350 1457 1401 1

132 1436 222 1525 tibi,
250 1442 378 1507 litteras
406 1442 526 1507 mitto?
564 1446 628 1525 est,
656 1442 684 1506 si
713 1442 843 1527 quidem
870 1442 1091 1527 perferuntur,
1120 1465 1200 1528 quas
1229 1444 1278 1507 do.
1325 1447 1423 1526 atque

135 1538 211 1610 hoc
234 1569 292 1633 ego
316 1548 507 1634 diligentius
531 1549 656 1633 factito,
684 1550 778 1633 quod,
807 1572 880 1615 cum
904 1550 1030 1615 otiosus
1055 1572 1136 1635 sum,
1164 1550 1269 1634 plane,
1288 1550 1349 1614 'ubi
1373 1550 1424 1614 de·

138 1643 262 1720 lectam
285 1656 423 1721 otiolum
447 1677 571 1739 meum,
594 1677 661 1721 non
683 1656 798 1721 habeo·
842 1659 879 1720 tu
902 1678 976 1721 cum
1000 1655 1124 1721 Romae
1147 1678 1233 1738 eras,
1256 1656 1319 1721 hoc
1342 1656 1423 1721 mihi

146 1764 270 1826 certum
302 1785 341 1828 ac
373 1743 643 1828 iucundissimum
675 1763 805 1827 vacanti
837 1762 1007 1849 negotium
1039 1767 1123 1848 erat,
1155 1766 1264 1829 tecum
1295 1763 1329 1827 id
1362 1763 1423 1828 otii

124 1859 274 1953 '’tempns
302 1892 507 1953 consumere,
534 1871 631 1954 idque
658 1893 725 1934 non
753 1870 961 1936 mediocriter
988 1870 1149 1950 desidero,
1181 1874 1219 1934 ut
1248 1870 1328 1935 mihi
1357 1893 1424 1934 non

150 1975 244 2041 1llodo
271 1978 361 2041 solus
390 1999 476 2061 esse,
509 1977 564 2041 sed
592 1975 715 2043 Romae
744 1981 777 2041 te
804 1977 952 2061 profecto
980 1977 1122 2042 solitudo
1152 1977 1300 2042 videatur
1326 1976 1423 2061 facta,

148 2076 205 2161 et,
223 2083 285 2167 qui,
309 2106 391 2168 quae
415 2105 487 2148 mea
509 2084 763 2170 neglegentiast,
787 2085 908 2150 multos
931 2107 1025 2169 saepe
1044 2084 1113 2149 dies
1137 2085 1177 2149 ad
1200 2087 1248 2169 te,
1271 2106 1345 2149 oum
1368 2084 1422 2149 hic

145 2194 232 2272 eras,
251 2212 316 2254 non
340 2190 541 2275 accedebam,
564 2213 650 2257 nunc
674 2191 808 2256 cottidie
831 2213 897 2256 non
920 2213 990 2256 esse
1009 2195 1051 2277 te,
1075 2191 1116 2255 ad
1139 2213 1235 2275 quem
1259 2190 1423 2276 cursitem,

145 2280 333 2363 discrucior.
380 2296 520 2361 maxime
543 2320 630 2382 vero,
653 2301 743 2362 otte
766 2298 834 2362 dies
852 2301 1029 2382 noctesque
1053 2319 1215 2384 quaeram,
1239 2295 1423 2382 conpetitor

124 2383 264 2467 ‘Hirrus
287 2407 394 2469 curat:
428 2405 590 2488 quomodo
617 2405 709 2469 illum
732 2408 828 2489 putas
852 2408 1031 2490 auguratus
1056 2408 1150 2469 tuum
1173 2403 1422 2489 competitorem

138 2494 254 2574 dolere
277 2515 311 2574 et
335 2510 541 2576 dissimulare
570 2534 621 2576 me
650 2512 822 2577 certiorem
850 2533 948 2596 quarn
975 2534 1009 2576 se
1033 2509 1263 2577 candidatum?
1295 2512 1422 2595 dequo

136 2611 200 2696 Ut,
219 2639 309 2700 quem
333 2620 440 2701 optas,
464 2640 562 2703 quam
585 2618 727 2702 primum
750 2619 901 2701 nuntium
925 2618 1075 2703 accipias,
1098 2622 1154 2682 tua
1178 2617 1423 2682 mediusfidius

135 2723 250 2808 1llagis
274 2746 372 2809 quam
395 2747 467 2789 mea
491 2748 588 2790 causa
613 2725 724 2811 cupi03
751 2725 860 2810 Jsnam
884 2747 970 2810 mea,
997 2724 1024 2790 si
1048 2725 1105 2809 fic,
1134 2725 1162 2789 si
1185 2723 1325 2789 forsitan
1348 2746 1422 2789 cum

133 2809 358 2915 locupletiore
374 2831 526 2917 referam3
546 2833 601 2897 sed
616 2832 678 2898 hoc
693 2854 795 2917 usque
815 2854 853 2897 eo
869 2855 967 2897 suave
982 2836 1041 2916 est,
1060 2835 1107 2914 ut,
1126 2831 1154 2895 si
1168 2830 1331 2914 acciderit,
1351 2835 1423 2895 tota

130 2928 217 3001 Vita
237 2938 321 3002 risus
343 2938 440 3003 nobis
464 2939 555 3003 desse
578 2961 644 3003 non
667 2939 782 3024 possit.
828 2939 895 3003 ‘sed
920 2936 1038 3003 tanti?
1062 2939 1116 3002 sed
1137 2937 1337 3002 mehercules
1357 2959 1421 3002 non

128 3043 357 3171 Q
375 3043 529 3111 Octavius
553 3069 666 3112 eorum
689 3047 773 3131 odia,
797 3068 879 3130 quae
903 3045 1038 3110 Hirrum
1060 3049 1223 3130 premunt,
1247 3067 1329 3129 quae
1352 3067 1421 3129 per·

235 3227 258 3276 1.
278 3220 366 3276 incidi
386 3220 430 3276 G’
453 3223 484 3275 in
506 3239 572 3292 mp,
595 3221 684 3276 indici
701 3223 730 3277 R
761 3225 766 3290 1
793 3226 817 3276 2.
837 3220 884 3275 Cn.
904 3221 936 3292 f]
962 3239 1008 3290 gn.
1031 3219 1106 3274 filius
1126 3222 1152 3273 a
1179 3222 1188 3288 ll
1214 3218 1298 3290 petit]
1321 3220 1423 3288 petunt

138 3275 317 3359 Wnnoem.
349 3294 385 3360 cs.
409 3292 513 3347 Becher
538 3311 567 3362 p.
582 3299 616 3347 22
639 3296 649 3362 11
672 3299 695 3348 5.
725 3310 742 3346 a
789 3309 839 3374 orn.
866 3294 892 3345 a
910 3294 919 3361 ΙΙ
936 3294 1069 3361 penteres
1094 3292 1155 3372 GR,
1172 3293 1181 3359 ΙΙ
1204 3289 1422 3369 synagrapham,

131 3361 158 3401 ἢ
186 3379 243 3433 ap.
261 3381 295 3418 m.
315 3369 340 3432 1,
358 3371 392 3418 nt
409 3365 474 3431 eid,
492 3364 534 3428 M,
554 3365 763 3434 synagrapham
782 3367 844 3432 (sm.
864 3364 904 3431 R)
924 3363 978 3419 GR
997 3366 1006 3432 ll
1028 3368 1051 3416 7.
1071 3364 1194 3443 castrmo
1215 3362 1241 3417 G
1259 3365 1268 3430 ll
1287 3364 1353 3430 peto
1373 3363 1415 3414 2*

131 3434 210 3486 Pom
235 3432 346 3489 litteras
378 3452 433 3490 ras.
462 3440 541 3487 2-3
565 3438 617 3490 litt.
650 3439 681 3489 fn
707 3438 761 3504 fine
788 3453 825 3490 os.
854 3436 886 3487 in
913 3434 949 3487 M
981 3436 991 3503 l
1027 3433 1116 3504 dedu]
1145 3434 1179 3501 ef.
1207 3433 1288 3502 Bnrp
1316 3451 1346 3501 p.
1365 3388 1423 3503 ⁶5=i

139 3495 195 3556 10·
217 3503 300 3577 (me)
325 3522 446 3589 negaras
469 3506 631 3561 Lambinus.
666 3508 701 3573 cs.
726 3507 865 3561 Solimula'
895 3505 1151 3575 ‘Spraclrpetronch
1167 3505 1193 3559 d.
1213 3504 1294 3559 Asin.
1314 3504 1419 3558 Pollio’

138 3578 224 3628 1234
247 3579 258 3646 Ι
284 3582 326 3631 11.
349 3576 404 3631 tubi
427 3594 478 3632 orn.
497 3578 525 3632 R
552 3581 562 3647 ΙΙ
590 3579 633 3632 est
652 3578 687 3649 si]
711 3580 740 3631 et
763 3577 786 3631 si
806 3579 832 3630 a
859 3579 869 3645 ll
897 3581 937 3631 12.
962 3577 1027 3702 (33(ἰέ
1051 3592 1083 3629 eo
1103 3591 1132 3643 ς,
1161 3592 1213 3646 ego
1234 3573 1309 3647 (eo)
1329 3575 1423 3629 Boset

146 3637 259 3702 flama
277 3647 367 3702 XXVI
381 3665 412 3718 p.
427 3651 490 3718 859)
516 3651 526 3718 ΙΙ
552 3648 664 3720 factito]
692 3649 779 3703 facito
803 3649 844 3715 M,
872 3647 946 3701 facio
971 3648 997 3703 G
1031 3691 1038 3716 ‚
1066 3648 1129 3715 fort.
1157 3653 1226 3702 recte
1252 3650 1264 3728 ll
1288 3646 1373 3716 plane
1389 3678 1420 3685 —

152 3711 197 3768 13,
213 3718 326 3773 otiolum
348 3737 399 3775 om.
420 3721 475 3776 GR
502 3722 512 3787 ΙΙ
541 3727 580 3775 12.
605 3719 666 3791 ubi]
692 3723 726 3787 cs.
746 3721 943 3788 Basternae
970 3721 980 3788 ΙΙ
1008 3724 1048 3774 13.
1073 3717 1201 3789 otiolum]
1225 3719 1347 3772 otiosum
1366 3718 1404 3771 M
1414 3717 1423 3809 i

158 3783 198 3840 14,
213 3789 326 3872 uaganti
344 3793 371 3867 ῼ
393 3793 403 3860 ΙΙ
427 3796 468 3846 16.
488 3792 520 3844 ut
538 3791 620 3862 mihi]
645 3791 761 3845 etmihi
780 3794 813 3845 a.
842 3792 874 3845 de
888 3792 1026 3860 proximis
1044 3792 1131 3845 cerln'a
1149 3793 1184 3850 cf.
1204 3790 1306 3844 Becher
1319 3807 1349 3858 p.
1365 3793 1400 3840 20
1414 3800 1422 3858 ξ,

164 3853 198 3912 ll.
214 3878 258 3928 qm
276 3863 361 3944 quae]
380 3862 485 3931 quique
504 3865 530 3915 a
543 3865 553 3931 ΙΙ
566 3879 630 3916 mea
648 3864 726 3916 facta
743 3881 768 3915 n.
791 3862 816 3917 G
830 3864 839 3930 ΙΙ
853 3861 1034 3931 neglegentia
1053 3865 1096 3915 est
1111 3861 1165 3916 GR
1179 3864 1188 3930 ll
1203 3863 1234 3915 at
1251 3859 1297 3914 Ml
1311 3863 1320 3929 ΙΙ
1336 3865 1376 3914 18.
1392 3861 1423 3912 at

167 3933 917 4073 l‘tnffltlltlatfflllltlttllttle
933 3933 1251 4074 lttllltltfltll'
1264 3931 1423 4072 loiffen

169 4071 197 4154 ²3.
216 4092 279 4128 nam
306 4092 383 4143 mea,
411 4075 435 4129 si
462 4077 512 4142 fio,
540 4076 660 4130 forsitan
688 4094 750 4130 cum
774 4076 791 4131 l.
816 4075 942 4129 deteram
968 4076 1000 4130 G.
1034 4023 1205 4154 Kieseritriip
1227 4074 1323 4142 (Nilos
1345 4075 1377 4154 in
1395 4054 1421 4127 d.

174 4141 367 4202 lascnmalerei’
397 4149 461 4202 diss.
486 4147 603 4218 Dorpat.
624 4151 693 4202 1876
712 4150 774 4202 thes.
795 4149 834 4215 5),
862 4149 938 4201 leand
964 4147 1040 4201 mole.
1069 4163 1147 4212 nam,
1176 4163 1200 4198 er
1225 4146 1275 4212 fic,
1303 4145 1423 4197 forsitan

166 4229 212 4268 con
232 4217 249 4272 l.
273 4219 340 4271 fiam
359 4219 493 4290 Pluygers
511 4220 537 4287 (1
554 4237 583 4289 p.
599 4223 661 4288 273)
681 4225 707 4273 et
725 4220 892 4289 ll'csentcrp.
925 4225 1040 4272 ceterum
1063 4218 1135 4271 forte
1159 4234 1212 4286 pro
1234 4215 1354 4270 forsitan
1374 4216 1400 4270 G
1420 4215 1423 4285 l

161 4289 242 4360 taut]
258 4288 308 4342 sed
323 4292 350 4342 a
363 4292 372 4357 ll
386 4294 428 4344 25.
444 4289 541 4344 deesse
557 4290 611 4345 GR
626 4293 635 4359 ΙΙ
649 4289 698 4344 sed
713 4290 786 4343 tanti
802 4290 851 4343 scd
865 4291 978 4354 servaci,
996 4290 1058 4355 fieri
1072 4295 1161 4343 lamen
1215 4293 1265 4341 lest
1277 4293 1309 4341 nt
1322 4288 1423 4353 suerit.-

160 4356 199 4412 sed
220 4359 311 4414 tanti?
340 4360 437 4433 <est>,
461 4361 518 4416 sed.
548 4363 692 4416 uoluerunt
710 4362 875 4416 Manutius:
903 4360 952 4414 sed
976 4358 1068 4412 tanti?
1096 4361 1152 4427 est,
1192 4359 1353 4428 l'eaenberps
1380 4360 1424 4411 est

155 4430 236 4487 tanti?
255 4432 307 4496 est
327 4433 471 4486 Lehmann
490 4436 530 4502 (p.
546 4435 605 4499 37);
626 4435 669 4486 est
686 4432 774 4501 tanti;
794 4434 823 4486 et
836 4435 845 4501 {l
858 4448 902 4485 me
922 4429 1033 4483 hercule
1050 4430 1103 4485 GR
1116 4431 1126 4499 ll
1141 4434 1183 4484 26.
1199 4429 1348 4483 Octavium

149 4525 174 4632 p.
182 4507 282 4645 3853}
309 4501 469 4647 sublerpnts
478 4504 636 4631 Rheaessrberp
653 4507 850 4628 {antennarum
873 4520 947 4558 nexa
965 4518 1021 4555 non
1044 4503 1201 4557 intellecto:
1229 4519 1252 4557 o.
1280 4501 1424 4556 Lehmann

159 4618 207 4631 ..
283 4590 406 4629 .eomm
436 4593 472 4632 c.
518 4592 546 4631 ec
607 4593 637 4645 p.
