3314 5460
612 117 870 174 EPISTVLARVM
888 119 934 176 rx.
955 126 978 175 1.
998 126 1023 176 a.
1390 120 1455 185 213

179 284 327 367 fortasse,
351 306 417 369 cur,
440 305 514 348 cum
536 284 617 350 haec
636 284 670 347 in
688 284 769 348 urbe
789 284 864 368 sint,
887 305 952 348 non
976 284 1090 368 apsim,
1114 285 1386 368 quemadmodum
1410 290 1455 350 tu.

179 394 214 454 tu
237 391 324 455 enim
348 390 431 475 ipse,
460 390 515 475 qui
544 395 578 456 et
606 412 657 455 me
686 395 720 454 et
748 389 831 456 alios
854 391 1027 476 prudentia
1051 391 1167 475 vincis,
1195 391 1317 474 omnia,
1350 394 1455 479 credo,

178 497 298 582 vidisti,
321 497 404 561 nihil
429 501 461 561 te
485 496 617 562 omnino
640 495 771 562 fefellit:
796 497 868 582 quis
887 501 1024 562 cattam
1043 497 1201 583 Lynceus,
1224 498 1333 582 quiin
1352 501 1454 565 tantia

176 605 320 669 tenebris
350 604 433 668 nihil
464 604 618 688 offendat,
651 625 811 688 nusquam
843 603 1010 670 incurrat?
1052 627 1089 670 ac
1119 605 1199 669 mihi
1230 606 1358 690 quidem
1387 606 1488 673 iama

135 735 160 776 5
177 711 302 796 pridem
326 710 467 776 venitin
487 715 629 776 mentem
653 711 775 776 bellum
799 733 869 776 esse
892 710 1002 797 aliquo
1026 711 1121 796 exire,
1144 717 1181 777 ut
1205 734 1252 798 ea,
1274 734 1357 796 quae
1381 736 1454 800 age-

175 819 296 882 bantur
320 818 373 884 hic
397 840 543 905 quaeque
567 818 771 899 dicebantur,
798 839 858 883 nec
885 818 1028 883 viderem
1051 840 1110 882 nec
1133 819 1292 905 audirem,
1324 821 1380 885 sed
1403 844 1453 887 ca-

175 924 359 989 lumniabar
391 924 474 1009 ipse:
510 926 682 1010 putabam,
715 923 770 1010 qui
803 924 934 989 obviam
966 923 1048 988 mihi
1079 926 1234 1011 venisset,
1267 930 1305 990 ut
1337 928 1452 1013 cuique

175 1032 380 1096 commodum
409 1036 507 1116 esset,
540 1032 781 1117 suspicaturum
810 1036 867 1096 aut
894 1031 1071 1117 dicturum,
1100 1033 1229 1098 etiamsi
1256 1054 1322 1097 non
1350 1036 1452 1120 suspi-

176 1143 316 1203 caretur:
340 1138 406 1205 ‘hic
429 1143 487 1204 aut
510 1141 628 1205 metuit
652 1143 686 1204 et
704 1162 743 1204 ea
761 1162 795 1204 re
814 1138 901 1225 fugit
925 1145 982 1204 aut
1005 1139 1128 1223 aliquid
1152 1140 1277 1226 cogitat
1300 1145 1333 1206 et
1352 1142 1453 1207 habet

128 1274 153 1312 ο
175 1268 289 1311 navem
321 1245 491 1330 paratam?
537 1247 688 1331 denique,
719 1246 884 1312 levissime
911 1247 967 1332 qui
996 1246 1217 1332 suspicaretur
1244 1251 1278 1312 et
1305 1249 1361 1332 qui
1389 1248 1452 1314 for-

176 1357 259 1418 tasse
284 1375 336 1418 me
359 1354 483 1438 optime
505 1354 659 1437 novisset,
682 1356 814 1438 putaret
833 1376 884 1418 me
908 1353 1027 1419 idcirco
1052 1353 1225 1437 discedere,
1248 1356 1334 1439 quod
1359 1378 1452 1440 quos-

176 1459 246 1523 dam
280 1459 429 1525 homines
463 1459 549 1525 oculi
582 1461 645 1525 mei
678 1458 776 1525 ferre,
793 1481 860 1524 non
892 1463 1034 1544 possent.
1080 1459 1160 1524 haec
1193 1480 1254 1546 ego
1282 1461 1453 1548 suspicans

177 1565 278 1632 adhuc
302 1565 424 1631 Romae
453 1589 582 1650 maneo,
609 1572 642 1632 et
669 1571 779 1631 tamen
806 1568 995 1650 λεληθότως
1023 1567 1222 1632 consuetudo
1251 1567 1366 1633 diurna
1390 1569 1451 1634 cal-

174 1672 239 1738 lum
263 1674 329 1738 iam
353 1673 490 1739 obduxit
513 1675 683 1739 stomacho
707 1695 787 1738 meo.
833 1673 935 1738 habes
958 1674 1118 1738 rationem
1140 1673 1205 1738 mei
1224 1675 1368 1760 consilii,
1389 1676 1487 1742 tibic

124 1811 145 1851 ε»
172 1778 274 1865 igitur
296 1781 359 1846 hoc
383 1802 510 1846 censeo:
539 1781 705 1845 latendum
729 1779 890 1865 tantisper
912 1780 1042 1864 ibidem,
1065 1780 1142 1844 dum
1165 1780 1346 1847 effervescit
1369 1781 1450 1848 haec

174 1887 365 1971 gratulati0,
389 1893 422 1952 et
445 1887 558 1972 simul,
581 1888 658 1952 dum
682 1888 864 1971 audiamus,
888 1887 1160 1972 quemadmodum
1183 1887 1353 1973 negotium
1377 1910 1449 1954 con-

173 1991 293 2058 fectum
316 1993 377 2079 sit,
411 1993 595 2060 confectum
623 1995 709 2059 enim
733 2016 803 2059 esse
828 1994 994 2078 existimo,
1022 1994 1134 2080 magni
1158 1998 1268 2059 autem
1291 1995 1449 2080 intererit,

180 2099 232 2182 qui
252 2100 350 2166 fuerit
373 2101 507 2166 victoris
531 2102 672 2183 animus,
702 2101 757 2186 qui
786 2101 892 2166 exitus
916 2123 1037 2185 rerum,
1066 2123 1277 2185 quamquam,
1304 2124 1368 2188 quo
1397 2126 1448 2168 me

182 2207 357 2273 coniectura
384 2208 495 2291 ducat,
526 2208 644 2292 habeo,
677 2208 732 2274 sed
761 2212 896 2292 expecto
924 2212 1042 2273 tamen.
1089 2212 1122 2273 te
1153 2229 1228 2273 vero
1260 2209 1351 2293 uolo,
1382 2210 1482 2278 nisio

136 2335 175 2378 aa
189 2310 244 2395 ipse
261 2336 370 2380 rumor
388 2314 454 2379 iam
473 2337 588 2380 raucus
608 2314 672 2380 erit
689 2314 806 2398 factus,
829 2315 870 2379 ad
889 2313 986 2379 Baias
1010 2315 1133 2400 venire3
1156 2315 1219 2379 erit
1242 2315 1328 2379 enim
1351 2318 1446 2383 nobis

189 2416 347 2505 honestius,
371 2421 471 2486 etiam
494 2444 567 2486 cum
590 2422 667 2487 hinc
690 2421 943 2504 discesserimus,
967 2421 1068 2485 videri
1093 2421 1219 2486 venisse
1242 2423 1276 2486 in
1297 2423 1355 2488 illa
1374 2423 1446 2489 loca

197 2522 333 2606 ploratum
356 2529 466 2613 potius
489 2529 630 2613 <quam>
654 2533 813 2593 natatum.
851 2529 907 2593 sed
925 2528 1006 2593 haec
1024 2532 1060 2592 tu
1080 2528 1211 2612 melius,
1235 2529 1331 2595 modo
1350 2531 1445 2596 nobis

199 2632 244 2694 stet
261 2634 349 2700 illud:
382 2657 448 2699 una
471 2634 576 2700 vivere
600 2635 635 2699 in
658 2635 775 2700 studiis
798 2634 932 2717 uostris,
956 2657 975 2699 a
998 2634 1116 2720 quibus
1141 2639 1238 2700 antea
1260 2636 1446 2701 delectatio

199 2754 251 2802 nen
274 2741 366 2807 modo
400 2743 606 2827 petebamus,
636 2764 722 2807 nunc
751 2763 825 2807 vero
854 2741 954 2806 etiam
981 2740 1133 2821 salutem3
1170 2762 1236 2807 non
1264 2742 1388 2829 deesse,
1417 2744 1445 2809 si

173 2843 250 2922 ²5quis
277 2848 428 2913 adhibere
461 2849 560 2932 volet,
593 2871 658 2914 non
692 2848 788 2914 modo
822 2852 859 2912 ut
891 2848 1103 2931 architectos,
1133 2869 1244 2912 verum
1277 2847 1376 2913 etiam
1408 2855 1446 2915 ut

198 2945 288 3039 fabros,
311 2956 351 3021 ad
375 2955 607 3021 aedificandam
631 2977 700 3020 rem
722 2955 895 3040 publicam,
919 2961 952 3020 et
975 2955 1086 3040 potius
1104 2955 1245 3019 libenter
1264 2977 1445 3040 accurrere3

199 3052 313 3128 sinemo
338 3068 451 3128 utetur
474 3085 581 3148 opera,
610 3068 720 3127 tamen
747 3067 781 3127 et
804 3063 946 3128 scribere
970 3067 1003 3126 et
1026 3063 1133 3148 legere
1156 3067 1323 3138 πολιτείας
1346 3068 1386 3146 et,
1417 3064 1444 3128 si

199 3162 277 3233 miuus
296 3171 331 3234 in
354 3170 445 3236 curia
467 3174 564 3256 atque
587 3169 622 3234 in
645 3169 730 3251 foro,
754 3175 788 3235 at
812 3171 845 3234 in
867 3169 988 3234 litteris
1012 3174 1045 3233 et
1068 3169 1175 3252 libris,
1203 3173 1240 3232 ut
1263 3169 1445 3234 doctissimi

198 3273 292 3367 veteres
309 3277 467 3361 fecerunt,
485 3278 650 3364 ’sgravare
670 3299 738 3342 rem
757 3301 787 3362 p.
806 3277 899 3342 etde
918 3276 1064 3341 moribus
1080 3298 1117 3340 ac
1131 3275 1260 3360 legibus
1280 3297 1443 3359 quaerere.

171 3373 257 3443 ”mihi
274 3381 351 3449 haec
373 3384 537 3449 videntur:
566 3390 616 3462 tu,
641 3383 717 3469 quid
742 3385 787 3448 sis
811 3389 943 3449 acturus
967 3388 1000 3448 et
1024 3382 1100 3466 quid
1125 3381 1186 3446 tibi
1209 3383 1351 3466 placeat,
1374 3405 1444 3467 per-

197 3490 297 3565 gratum
320 3491 392 3574 erit,
416 3490 445 3555 si
469 3491 507 3555 ad
532 3513 582 3555 me
607 3490 785 3576 scripseris.

261 3685 281 3736 l.
299 3699 347 3736 cur
365 3698 430 3738 cum
448 3683 519 3751 HD,
538 3683 642 3738 circum
656 3684 694 3738 Μ
703 3687 712 3753 u
727 3683 784 3738 sint
802 3683 872 3751 HD,
891 3686 957 3737 sunt
975 3684 1012 3737 M
1022 3685 1031 3752 ΙΙ
1045 3688 1070 3738 8.
1090 3685 1133 3736 est
1148 3683 1219 3750 MD,
1239 3685 1282 3736 est
1300 3680 1376 3735 enim
1390 3682 1424 3736 H
1434 3683 1444 3823 ,l

192 3744 292 3814 lynceus

190 3821 209 3871 t
225 3826 243 3876 7.
258 3753 449 3880 caiumuiabar
467 3843 501 3881 erc
520 3825 573 3881 cul.
593 3827 644 3880 M⁰
665 3828 675 3895 11
698 3831 721 3880 9.
742 3829 772 3880 et
789 3843 823 3880 ea
841 3824 947 3896 refugit
965 3825 1026 3879 HD
1048 3828 1057 3894 ΙΙ
1082 3831 1122 3879 11,
1142 3824 1269 3879 uouisset
1287 3825 1320 3878 M
1339 3826 1370 3878 ier
1388 3843 1441 3879 ras.

124 3900 128 3939 l
187 3906 214 3944 ec
226 3895 373 3967 nouissetss
388 3903 429 3952 la.
448 3900 563 3966 possent
582 3915 606 3965 ς,
622 3900 744 3978 possunt
764 3899 870 3966 Ψ1113.
890 3897 1025 3950 diuturna
1041 3898 1093 3951 alii
1106 3899 1116 3965 ΙΙ
1131 3902 1170 3949 13.
1188 3902 1229 3951 11,
1250 3895 1353 3949 callum
1372 3895 1441 3966 iam]

124 3980 126 3987 ·
186 3961 335 4022 calumniam
360 3970 391 4021 Ψ
415 3970 425 4037 ΙΙ
453 3974 495 4024 11,
519 3967 630 4023 consilii
653 3968 709 4023 mei
727 3969 789 4023 HD
816 3974 824 4036 ΙΙ
860 3975 901 4023 15,
925 3967 1094 4039 effervescit]
1122 3966 1363 4036 defervescit(ch
1385 3969 1442 4036 -at)

124 4068 128 4103 ,ι
180 4035 294 4102 ultim.
314 4038 412 4094 interit
431 4041 542 4106 111121.
562 4039 628 4094 hinc
642 4040 712 4107 HD,
731 4039 904 4120 hieMpaa.
924 4057 1009 4108 quam
1027 4057 1078 4095 om.
1096 4043 1132 4107 Ψ,
1151 4056 1212 4109 sup.
1230 4056 1267 4094 ca.
1287 4040 1352 4092 add.
1372 4038 1442 4091 Η81

178 4105 251 4179 baec]
263 4109 314 4164 hoc
332 4111 473 4166 lt'eambcr
504 4113 513 4179 ΙΙ
526 4117 617 4166 2123.
629 4109 729 4165 melius
743 4111 824 4165 uobis
838 4113 909 4164 rstec
923 4128 979 4165 uua
993 4110 1064 4164 illud
1079 4111 1162 4164 modo
1180 4109 1276 4164 uiuere
1287 4109 1326 4176 H,
1342 4109 1442 4163 melius

174 4178 250 4234 nobis
266 4179 335 4236 istec
354 4181 438 4236 modo
462 4129 534 4236 ihud
553 4199 610 4237 una
629 4181 724 4236 uiuere
744 4183 773 4236 D
799 4186 808 4250 ΙΙ
836 4187 877 4236 25.
897 4181 1032 4236 adhibere
1050 4200 1084 4236 ex
1103 4182 1161 4237 ath.
1182 4182 1232 4235 Μο
1253 4184 1263 4250 ΙΙ
1286 4187 1327 4234 26.
1347 4180 1441 4250 potius

169 4251 241 4319 HD,
258 4252 351 4322 patius
371 4254 412 4307 M.
444 4252 573 4322 protinus
595 4255 625 4309 0.
641 4253 801 4320 Hirschfeld
823 4256 833 4322 ΙΙ
855 4252 1008 4324 πολιτείας]
1027 4251 1143 4322 politias
1164 4255 1195 4306 Ψ
1215 4255 1224 4321 ΙΙ
1247 4258 1289 4307 19.
1309 4253 1441 4322 gravare]

167 4339 268 4379 navare
282 4342 307 4390 ς,
325 4325 483 4394 gubernare
501 4325 646 4391 Victorius,
665 4327 787 4378 tractare
802 4325 840 4378 H.
852 4326 944 4380 Boset
963 4325 1074 4394 (Philol.
1089 4323 1165 4377 XXV
1181 4342 1210 4393 p.
1226 4325 1297 4392 852).
1316 4340 1440 4393 gnavare

163 4399 246 4453 carm
262 4396 380 4463 videtur,
397 4399 433 4463 cf.
451 4414 517 4451 ann.
534 4398 603 4466 phil.
624 4402 691 4450 1891
708 4414 737 4465 p.
753 4401 805 4448 338
819 4397 828 4464 ss
842 4401 883 4450 31.
905 4395 959 4450 erit
977 4396 1018 4464 M,
1038 4398 1082 4449 est
1099 4396 1161 4449 HD

322 3755 358 3822 cs.
378 3753 563 3810 Fricdldndcr
583 3755 690 3810 ‘Daret
710 3773 762 3810 acca
781 3757 806 3810 d.
822 3755 934 3826 Sittenp.
950 3755 1044 3809 Rmns’
1065 3754 1095 3817 1⁰,
1110 3772 1139 3823 p.
1155 3759 1215 3808 575.
1235 3753 1350 3822 lynceus
1369 3755 1422 3808 alii
