3314 5460
172 382 221 437 XII
706 384 919 441 PRAEFATIO.

171 546 323 612 volumen
356 570 421 612 non
452 547 559 612 minus
589 548 685 614 hodie
718 553 867 635 superest
897 572 994 633 quam
1026 549 1109 615 liber
1139 548 1335 634 archetypus
1366 546 1454 611 unde

171 654 304 719 ductum
329 658 391 719 est:
424 655 578 720 nimirum
606 654 686 719 illud
713 655 842 739 estqui
867 656 907 720 ad
930 654 1117 722 Petraream
1141 656 1225 725 falso
1249 654 1456 721 referebatur

170 760 232 824 eod.
252 760 336 825 Med.
354 762 406 843 49,
423 762 440 824 l
460 761 532 844 (P),
559 760 613 826 hio
638 762 720 826 Meu.
739 763 826 845 tua
846 762 924 845 (M).
970 785 1073 828 annus
1097 763 1199 848 igitur
1224 763 1310 828 1389
1333 761 1455 825 harum

171 866 384 952 epistularum
402 867 494 950 quasi
512 867 630 933 natalis
650 890 752 932 novus
772 868 925 933 dicendus
944 873 995 934 est
1010 868 1225 953 Colueiusque
1244 868 1338 954 quasi
1356 872 1457 951 pater

171 972 357 1057 adoptivus:
381 973 416 1037 M
439 974 526 1039 enim
550 974 714 1057 ceterique
739 974 865 1039 codices
889 976 1011 1040 vetusti
1035 998 1108 1040 cum
1132 976 1232 1040 etiam
1257 977 1372 1057 postea
1397 973 1456 1037 diu

171 1084 377 1144 remanerent
400 1080 504 1144 abditi
528 1079 700 1163 publieove
725 1080 799 1146 usui
823 1082 982 1167 denegati,
1006 1080 1183 1146 Colueiano
1204 1103 1243 1146 ex
1262 1079 1457 1165 apographo

170 1207 344 1251 numerosa
358 1186 530 1271 paullatim
550 1188 700 1270 provenit
719 1188 836 1271 proles,
855 1211 893 1253 ex
914 1211 978 1272 qua
995 1189 1155 1273 epistulae
1175 1187 1249 1251 illae
1264 1185 1457 1250 hominibus

171 1292 276 1357 doctis
300 1314 358 1376 per
382 1292 488 1376 quinti
512 1293 628 1357 decimi
652 1293 772 1358 saeculi
796 1294 967 1360 decursum
991 1296 1211 1359 innotuerunt.

257 1397 337 1463 haec
360 1398 464 1483 igitur
482 1399 587 1464 adbuc
606 1399 669 1463 dic-i
693 1404 831 1485 possunt
850 1401 889 1464 de
908 1398 1073 1465 Ciceronis
1092 1400 1307 1484 epistularum
1327 1398 1458 1463 miseel-

170 1504 274 1568 larum
306 1526 364 1589 per
394 1505 534 1569 medium
566 1527 680 1570 aevum
711 1507 961 1590 propagatione,
991 1507 1030 1571 ad
1060 1529 1141 1590 quae
1172 1512 1209 1569 ut
1239 1527 1322 1570 nova
1350 1526 1457 1589 eaque

169 1614 259 1675 certa
282 1611 442 1675 addantur
465 1612 655 1676 testimonia
678 1611 768 1676 valde
799 1614 978 1696 optandum
1001 1618 1059 1676 est.
1070 1610 1095 1698 ¹)
1140 1617 1316 1696 supersunt
1338 1616 1455 1675 autem

169 1766 280 1821 felicem
295 1772 376 1821 tauto
391 1768 499 1836 talique
513 1768 595 1835 dono,
609 1768 759 1836 Pascpuine,
774 1786 838 1821 num
853 1787 916 1823 eum
927 1787 960 1823 ex
969 1769 1049 1823 libris
1061 1774 1088 1823 et
1099 1769 1275 1823 orationibus
1285 1766 1454 1821 Ciceronem

169 1855 262 1891 atreum
280 1837 349 1891 mihi
370 1839 426 1891 iam
445 1857 501 1891 non
524 1838 698 1908 incognitum
721 1856 880 1903 venerarer,
903 1859 976 1894 nunc
1000 1841 1091 1911 ipsum
1113 1839 1184 1893 mihi
1206 1844 1297 1892 totum
1321 1838 1376 1891 hoe
1400 1842 1454 1891 tuo

170 1926 284 1962 munere
298 1909 451 1963 tradidisti.
485 1910 545 1963 ridi
559 1909 652 1977 qualis
667 1910 696 1962 in
710 1928 739 1963 rc
753 1930 789 1980 p..
808 1918 930 1979 quantus
946 1913 1019 1965 inter
1032 1911 1137 1965 amicos
1151 1916 1179 1964 et
1191 1909 1311 1963 Romani
1327 1909 1454 1963 nominis

169 1980 310 2050 principes
329 1980 488 2034 antecessit.
521 1981 604 2033 vitlem
623 1998 708 2048 quam
727 1982 820 2035 aridas
839 1983 927 2045 bello,
950 2001 1035 2051 «paam
1054 1982 1153 2035 aridus
1172 1980 1274 2052 glorie,
1297 1983 1325 2033 et
1345 1981 1454 2047 quibus

169 2051 278 2104 artilrus
296 2056 356 2105 tum
375 2052 434 2121 ipse
454 2068 539 2120 quum
557 2052 643 2105 ceteri
659 2052 846 2106 Romanorum
862 2054 936 2107 lame
951 2054 1126 2134 splendorem
1141 2052 1454 2119 commendationisque

169 2122 299 2244 pnecouiu
319 2125 486 2175 retremntur
503 2124 675 2189 (‘rc·nentur'
695 2123 767 2176 coni.
783 2124 908 2177 t'iertell.
947 2124 1005 2177 ridi
1024 2129 1073 2177 tuo
1092 2141 1206 2176 munere
1224 2122 1362 2176 bellorum
1382 2122 1454 2175 civi-

181 2192 238 2245 ium
257 2193 442 2247 fundamenta
460 2198 486 2247 ct
507 2193 575 2261 quid
595 2198 678 2263 caput
702 2193 773 2246 illud
796 2195 871 2247 orbis
894 2200 1030 2248 terrarum
1053 2195 1088 2249 de
1111 2194 1243 2247 libertate
1267 2192 1403 2264 populica
1423 2194 1454 2247 in

169 2263 348 2317 monarchiae
367 2264 521 2318 detnrderit
541 2267 601 2329 [sict
620 2264 792 2319 servitutem.
824 2265 884 2318 ridi
903 2265 1062 2320 Ciceronem
1082 2283 1173 2319 mcum
1192 2282 1279 2333 «piam
1294 2265 1325 2317 in
1338 2265 1455 2318 familia

169 2334 260 2393 mitis.
278 2352 363 2403 quam
382 2336 515 2405 deceptus
535 2335 562 2387 in
582 2335 653 2399 filio,
679 2351 763 2402 quam
783 2335 946 2416 desperatus
965 2337 994 2389 in
1013 2336 1152 2395 adversis.
1175 2354 1260 2404 quam
1278 2335 1399 2388 timidus
1423 2337 1454 2389 in

169 2405 300 2475 periculis
318 2424 458 2475 quumque
477 2407 561 2459 scierit
582 2406 611 2458 in
629 2405 768 2475 prosperis
788 2406 843 2459 sibi
861 2406 1009 2461 blandiens
1025 2418 1053 2460 et
1069 2424 1190 2461 securus.
1223 2405 1313 2460 multa
1328 2406 1454 2474 denique

168 2476 228 2529 ridi
246 2494 300 2545 que
320 2477 389 2531 mibi
408 2482 488 2531 tante
507 2476 616 2531 laetitie
635 2477 746 2531 l'uertmt
766 2482 902 2545 quantam
920 2495 1044 2545 unquam
1060 2477 1164 2531 habere
1178 2495 1260 2548 posse
1274 2495 1327 2531 uec
1341 2478 1455 2531 credidi

168 2566 219 2601 nec
238 2549 357 2618 sperari.
389 2549 458 2617 quid
476 2549 551 2603 enim
570 2548 639 2601 mibi
662 2548 808 2600 iocundius
826 2566 886 2602 esse
905 2555 997 2618 potest
1017 2565 1101 2616 citrum
1120 2566 1184 2601 cnm
1202 2548 1336 2602 Cicerone
1362 2548 1454 2616 loqui,

168 2636 252 2687 quam
267 2624 308 2672 tot
323 2637 477 2689 presterum,
492 2619 741 2673 scientissimorum
756 2620 886 2679 murmuri,
900 2636 970 2687 quos
984 2619 1114 2672 volumen
1130 2618 1210 2677 illud.
1224 2638 1325 2672 munus
1341 2619 1454 2672 scilicet

169 2700 248 2742 tuum
266 2708 331 2757 ymo
351 2690 478 2744 divinum
497 2689 596 2749 habet,
621 2690 728 2743 vidisse
751 2697 811 2743 tum
834 2690 1025 2758 eloquentiam
1047 2696 1107 2743 tum
1130 2708 1221 2743 mores
1245 2697 1306 2743 tum
1329 2691 1459 2750 virtutes

169 2766 227 2811 turu
247 2777 328 2812 casus
348 2762 440 2813 varnos
459 2767 486 2814 et
507 2762 642 2814 allectus?
674 2761 767 2813 nescio
786 2760 822 2813 de
840 2761 918 2817 aliis.
943 2761 977 2813 dc
996 2767 1154 2814 meantem
1178 2760 1326 2814 verissime
1349 2762 1455 2815 testari

168 2846 281 2899 possum
305 2847 348 2883 mc
371 2848 515 2898 uunquam
542 2831 651 2898 aliquid
679 2831 758 2883 aliud
787 2831 990 2899 speculativum
1019 2831 1063 2884 rel
1086 2832 1258 2899 hystoricum
1282 2840 1342 2884 tam
1366 2833 1456 2885 aride

168 2908 282 2967 tamque
301 2918 365 2953 cum
384 2901 501 2957 laetitia¹
514 2901 674 2969 perlegisse.
708 2901 790 2952 simul
810 2902 892 2957 enim.
911 2902 986 2969 quod
1005 2902 1179 2955 rarissimum
1192 2907 1244 2961 est.
1263 2920 1356 2955 nerum
1372 2904 1455 2957 novi·

168 2980 213 3023 tas
231 2975 317 3038 utque
335 2971 467 3027 uarietas.
487 2969 664 3037 eloprentiae
683 2971 816 3039 splendor
834 2980 860 3023 et
881 2972 1062 3026 scribentium
1081 2973 1235 3026 auctoritas
1257 2973 1456 3031 delectabant.

169 3040 243 3095 unde
261 3040 375 3099 donum.
394 3042 418 3093 si
438 3044 612 3094 mensuretur
630 3041 728 3097 abus.
747 3058 802 3093 non
821 3042 942 3110 potuerit
962 3061 1022 3097 esse
1040 3044 1145 3102 maius,
1164 3044 1187 3095 si
1207 3043 1314 3101 l'ructu,
1334 3045 1457 3114 reperiri

168 3128 224 3165 nou
243 3112 330 3181 possit
351 3112 464 3169 titilius.
484 3112 527 3163 sin
547 3120 642 3165 atatem
660 3111 776 3169 affectu.
795 3112 991 3166 delectabilius
1010 3126 1129 3181 nequeat
1150 3114 1278 3183 cogitari.
1311 3132 1394 3183 ergo.
1415 3117 1458 3170 mi

169 3182 317 3251 Pasquine.
338 3194 402 3235 tuus
416 3182 568 3235 virtutibus
588 3182 644 3233 tuis
658 3198 744 3239 emm.
762 3200 835 3235 nunc
850 3193 944 3236 utitem
959 3184 1011 3236 tali
1026 3194 1053 3237 et
1069 3196 1149 3237 tanto
1164 3202 1277 3238 micuere
1292 3201 1337 3238 me
1352 3185 1459 3240 taliter

168 3252 320 3306 des-inristi
338 3252 414 3320 «lusa
433 3254 516 3305 lateri
535 3260 663 3322 oporteat
682 3254 812 3309 mesore.
830 3254 905 3321 qud
924 3254 971 3305 sir
990 3255 1045 3306 dici
1065 3261 1173 3322 potest,
1194 3256 1253 3308 sine
1272 3272 1365 3309 rerum
1385 3274 1457 3310 con-

168 3324 303 3377 troversia
323 3322 387 3393 plus
406 3341 491 3391 quam
510 3332 596 3376 tuum.
630 3324 723 3375 omnia
744 3324 890 3391 siquidem
909 3325 990 3377 crede
1010 3324 1088 3383 mihi,
1106 3342 1179 3392 ‹pua-e
1195 3326 1307 3378 fortuna
1322 3344 1390 3394 ymo
1407 3329 1457 3381 dei

168 3395 318 3464 dispesitis
336 3396 413 3463 (nsm
432 3394 544 3446 tbrtrrna
564 3393 635 3446 nihil
654 3406 695 3445 est
728 3394 820 3463 pauit
841 3394 869 3446 in
887 3395 1017 3447 munitm·-
1035 3396 1105 3447 meis
1119 3412 1174 3448 non
1190 3414 1285 3449 sertus
1301 3397 1352 3449 sed
1367 3416 1457 3451 verus

167 3464 298 3519 dominus
317 3465 447 3535 possideo
467 3475 578 3533 pnseter
596 3462 690 3517 luris.
724 3464 848 3521 illorum.
867 3466 970 3522 fateor.
997 3484 1091 3517 servus
1110 3484 1171 3518 sum
1194 3467 1457 3537 tenacissimusque

168 3548 365 3607 possessores
377 3553 479 3588 arants
498 3551 530 3587 ac
551 3534 723 3587 insatiabilis
741 3536 902 3605 appetitor'
921 3568 952 3575 -
968 3566 1001 3575 -
1018 3567 1048 3575 —

260 3616 281 3661 1·
304 3623 412 3659 summa
441 3618 536 3657 tamen
558 3605 605 3658 hic
628 3620 698 3673 opus
720 3616 763 3657 est
787 3606 916 3659 cautione
943 3624 977 3658 ne
1000 3605 1091 3658 titulis
1115 3606 1243 3661 vertisse
1266 3625 1300 3661 er
1324 3609 1459 3663 fontibus

168 3679 244 3732 notis
262 3677 419 3747 desumptis
438 3676 624 3745 decipiamur:
643 3692 668 3727 r.
688 3692 760 3742 quae
778 3688 965 3744 exposuemnt
984 3676 1020 3729 de
1034 3678 1116 3729 Petro
1130 3678 1255 3732 Blcmsi
1273 3686 1300 3731 et
1318 3682 1459 3735 (enatem.

169 3751 275 3821 Rarlep
293 3748 353 3817 t‘de
371 3748 431 3801 rita
450 3752 478 3799 et
497 3763 565 3799 mor.
585 3744 697 3815 philos·
717 3765 743 3814 p.
759 3750 812 3799 313
823 3764 862 3813 sq.
882 3746 926 3800 ed.
941 3746 1037 3799 Iinust'
1062 3746 1149 3799 ttrelli
1164 3749 1263 3816 praees:
1285 3769 1312 3819 p.
1327 3750 1395 3803 ΠΗ
1404 3770 1459 3821 sq..

167 3821 203 3874 de
223 3822 360 3876 (laliclmo
382 3820 414 3873 cle
435 3818 584 3885 Peenno·
608 3814 751 3869 Detlefsen
775 3834 838 3868 siun.
859 3816 927 3885 phil.
949 3822 1017 3869 1863
1036 3836 1062 3885 p.
1078 3823 1138 3871 553,
1176 3819 1214 3871 sic
1239 3820 1309 3872 mihi
1335 3822 1457 3887 uiridem

168 3891 252 3946 valde
270 3890 357 3944 dubia
376 3905 462 3942 causa
481 3888 599 3939 duorum
620 3886 764 3939 hommum
788 3888 933 3939 ‹ltu-torum
952 3886 1097 3940 Gallorum
1116 3904 1133 3939 a
1154 3890 1188 3942 d.
1204 3890 1312 3957 l'tu'pu'n
1332 3891 1389 3943 huc
1410 3910 1457 3945 sr-

167 3963 345 4019 cessitorum.
371 3962 486 4014 lesionis
508 3960 541 4011 de
560 3957 737 4011 nevarensis
760 3970 787 4010 et
809 3958 921 4010 Nion-'oi
943 3960 976 4011 tle
996 3956 1170 4027 (leucippus.
1203 3960 1278 4026 ·.puul
1301 3961 1378 4014 enim
1405 3964 1458 4017 iu..-

180 4051 248 4087 tuus.
268 4032 356 4086 Rben.
372 4028 493 4083 xxxvl.
515 4032 591 4080 issi.
611 4046 636 4095 p.
654 4030 762 4093 415qu
786 4027 942 4095 suspicatus
957 4040 998 4080 est
1015 4039 1162 4095 utrumque
1177 4047 1258 4082 asum
1272 4047 1333 4083 esse
1349 4032 1457 4087 barum

167 4102 352 4175 epistularum
375 4100 472 4154 coelice
498 4098 594 4165 aliquo
617 4096 666 4163 qui
689 4113 744 4148 non
772 4098 935 4175 pependerit
959 4116 974 4150 e
999 4098 1136 4155 uotiua.
1165 4098 1192 4150 id
1217 4118 1314 4153 sarusar
1338 4114 1369 4154 ut
1395 4104 1456 4158 iam

167 4176 256 4228 teneri
276 4174 364 4244 pssit
382 4186 600 4237 —quamquam
634 4166 736 4217 alenam
761 4167 905 4220 iudicandi
929 4170 1052 4221 mendum
1074 4168 1150 4221 nacti
1175 4188 1268 4222 sumus
1293 4174 1447 4228 materiem

167 4256 277 4299 constat
298 4244 385 4303 isitur
402 4240 486 4295 hodie
518 4256 543 4291 r.
559 4242 590 4289 A.
606 4186 727 4288 'lliomas
749 4238 795 4289 'de
811 4237 921 4290 lesionis
937 4239 971 4290 de
986 4238 1166 4291 lions-teredio
1185 4242 1244 4293 ritas
1260 4254 1287 4292 et
1303 4244 1455 4321 operibus·

168 4316 234 4369 diss.
251 4304 337 4368 Paris.
359 4318 428 4366 1553
447 4331 472 4381 p¹
488 4315 512 4363 5,
529 4314 570 4361 59¹
594 4308 725 4359 ltannem
740 4306 820 4359 illum
838 4339 867 4346 -
883 4308 972 4359 sitam
986 4308 1046 4360 eius
1061 4309 1188 4361 universe
1204 4326 1347 4363 enarravit
1365 4313 1455 4375 l'oiet

168 4386 344 4440 numism
363 4398 383 4437 ῃ,
399 4383 441 4436 11²
460 4401 486 4451 p,
502 4386 553 4433 343
565 4398 604 4445 sq.
623 4410 640 4416 -
670 4376 757 4429 t'uisse
778 4377 833 4428 iam
854 4394 877 4429 a.
896 4383 961 4429 139⁵
981 4378 1010 4429 in
1029 4378 1127 4435 ltalia.
1147 4380 1163 4431 i.
1179 4398 1201 4431 e.
1222 4381 1346 4449 quinque
1367 4378 1457 4437 sexi·—

167 4456 249 4509 annis
268 4468 418 4525 pstquam
437 4452 566 4505 Celusius
587 4446 727 4501 mistsiias
745 4446 886 4499 Citenmis
905 4447 1040 4537 epistulas
1060 4462 1158 4501 nactus
1178 4464 1228 4501 est.
1263 4450 1359 4519 itaquo
1379 4456 1455 4509 nihil

167 4529 261 4581 obstat
281 4526 349 4593 quin
368 4526 406 4577 ad
424 4542 488 4577 etim
508 4518 635 4575 initalia
652 4528 869 4569 commorantem
884 4517 1044 4584 tamisiae
1060 4519 1164 4571 dudum
1181 4522 1337 4575 studiosum
1352 4524 1456 4593 aliqua

167 4599 203 4651 ,ιιι
217 4597 348 4651 mss-„mm
364 4595 413 4647 ills
430 4594 505 4647 t'anta
520 4588 676 4663 pervenerit
693 4586 869 4653 habendique
885 4588 1069 4656 cupiditatem
1084 4590 1250 4642 prenderit.
1283 4606 1456 4651 nontamen

169 4668 281 4722 videtur
298 4665 452 4721 colus-ium.
471 4664 551 4717 cuius
572 4661 659 4731 ipsius
678 4670 705 4710 et
726 4656 877 4725 appetebat
898 4672 924 4709 et
945 4660 1101 4727 a·.··.ipiebat
1122 4660 1257 4729 epistulas
1283 4680 1307 4713 s.
1325 4664 1455 4721 Thon-215

169 4761 195 4811 p.
212 4748 270 4793 lut.
292 4743 347 4791 lui.
372 4742 431 4788 lttt.
453 4742 503 4788 ιιιὶ
538 4734 572 4786 de
596 4732 727 4784 t‘ioerene
753 4726 931 4783 sollicitasse.
960 4729 1009 4781 sed
1032 4748 1156 4783 resersus
1182 4732 1210 4783 in
1233 4730 1359 4787 tlaliism
1384 4754 1455 4793 usus

168 4828 229 4867 esse
257 4806 423 4879 interposita
449 4805 569 4858 alierum
593 4816 685 4871 opera.
724 4808 821 4851 extant
846 4796 946 4850 saltem
968 4815 1024 4867 rap.
1044 4800 1179 4853 Themsm
1199 4820 1224 4869 p.
1242 4806 1292 4853 tui
1327 4804 1389 4859 eius
1415 4811 1456 4863 ad
