3286 5460
660 367 873 422 PRAEFATIO.
1333 370 1409 424 XXV

129 532 262 617 quidem
290 531 374 596 liber
401 532 485 596 uude
514 532 730 617 transcriptus
759 537 810 597 est
832 531 876 616 D,
907 531 997 598 illinc
1025 532 1134 597 divelli
1162 538 1285 618 potest:
1317 539 1410 599 tanta

129 661 259 704 summa
274 639 308 703 iu
327 661 362 703 re
382 640 468 705 inter
481 638 540 703 VH
555 643 589 704 et
603 638 632 703 D
647 639 821 704 intercedit
840 639 1028 704 similitudo.
1066 641 1176 724 itaque
1194 641 1257 706 hoc
1276 663 1409 726 prorsus

128 746 208 812 licet
231 747 403 811 adfirmare
426 747 526 811 fuisse
551 746 628 812 olim
657 747 816 812 librorum
835 746 1008 812 IX-XVI
1036 747 1219 831 exemplum
1246 749 1409 833 quoddam

129 849 210 939 (Y),
239 853 322 918 unde
345 853 453 919 varios
477 876 535 938 per
558 875 666 918 ramos
690 853 915 918 descenderint
941 854 971 918 ei
996 854 1051 938 qui
1074 876 1140 919 non
1163 855 1230 919 sint
1257 855 1346 920 ducti
1371 879 1409 920 ex
1424 866 1453 920 Y

129 959 276 1025 Mediceo
301 960 436 1025 codices.
478 965 559 1044 quot
583 966 699 1025 tamen
715 960 806 1025 illinc
829 958 966 1025 derivati
990 960 1112 1025 fuerint
1135 962 1260 1026 codices
1282 961 1409 1048 ignora·
1486 967 1490 980 “

129 1090 215 1132 mus:
240 1072 330 1132 certa
352 1089 452 1132 causa
474 1072 525 1132 est
547 1066 639 1132 FHD
662 1071 697 1132 et
720 1066 927 1133 Cratandrini
956 1068 1096 1152 antiqui,
1123 1068 1151 1132 si
1180 1069 1309 1152 quidem
1334 1093 1410 1135 vera

129 1175 200 1240 eius
224 1179 276 1239 est
298 1178 459 1257 vetustas,
483 1175 607 1239 incerta
630 1173 701 1239 folii
727 1174 1008 1259 Heilbronnensis,
1032 1175 1152 1239 codicis
1176 1173 1310 1258 Cusani,
1333 1177 1409 1241 libri

129 1304 194 1366 quo
222 1303 301 1346 usus
329 1285 381 1346 est
407 1280 546 1347 Ioannes
571 1280 839 1365 Saresheriensis3
871 1282 1008 1367 denique
1038 1282 1177 1347 fortasse
1206 1283 1294 1347 aliud
1321 1283 1410 1363 illius

130 1388 245 1473 stirpis
269 1389 356 1454 sumi
378 1411 473 1474 posse
497 1389 680 1474 exemplum
705 1390 791 1473 quod
816 1387 955 1454 mixtum
975 1394 1091 1474 postea
1110 1412 1183 1454 cum
1202 1389 1236 1454 M
1255 1392 1411 1455 contami·

129 1495 202 1560 nati
234 1495 402 1560 cuiusdam
439 1495 587 1560 codicum
623 1495 752 1581 generis
789 1494 936 1560 extiterit
973 1495 1082 1580 origo,
1119 1518 1192 1560 mox
1232 1496 1412 1562 videbimus

129 1601 174 1688 (v.
198 1627 228 1687 p.
248 1599 382 1690 XXVl).

221 1710 337 1793 quodsi
361 1711 400 1774 de
429 1709 502 1794 ipso
527 1709 555 1773 Y
579 1733 645 1774 non
673 1710 873 1793 dubitamus,
901 1731 960 1775 nec
988 1710 1113 1794 prolem
1142 1710 1211 1774 eius
1238 1733 1411 1794 possumus

131 1839 264 1883 omnem
296 1817 429 1882 definire
461 1839 520 1882 nec
552 1817 695 1901 patriam
728 1822 786 1881 aut
816 1821 966 1881 aetatem.
1013 1816 1183 1901 aequalem
1211 1815 1355 1883 Mediceo
1384 1819 1412 1883 si

130 1915 212 2010 quisi
234 1924 353 1989 dixerit
382 1945 448 1988 non
475 1924 625 2009 equidem
653 1925 857 2009 repugnabo,
888 1946 948 1988 nec
976 1924 1003 1988 si
1032 1924 1104 2008 quis
1132 1928 1212 1989 natu
1242 1924 1412 1991 minorem:

132 2031 290 2096 maiorem
321 2035 430 2096 tamen
458 2053 524 2109 non
552 2029 647 2095 facile
676 2031 808 2115 putabo.
850 2029 967 2095 aetatis
996 2031 1098 2116 igitur
1125 2036 1236 2096 utrum
1259 2031 1293 2096 M
1317 2032 1411 2095 anl'

130 2139 256 2202 dandus
281 2137 326 2201 sit
349 2137 551 2222 principatus
575 2161 649 2203 cum
673 2138 847 2203 obscumm
871 2138 924 2221 sit,
947 2142 1050 2201 restat
1073 2142 1109 2201 ut
1133 2160 1326 2222 quaeramus
1345 2139 1412 2204 utri

131 2245 275 2310 nobilior
298 2244 403 2309 multo
426 2245 536 2330 palma
560 2246 716 2310 debeatur
738 2244 967 2329 praestantiae.

222 2352 287 2416 iam
311 2374 384 2416 cum
409 2351 442 2415 M
466 2356 556 2417 extet
579 2352 657 2436 ipse,
683 2351 713 2415 Y
737 2350 978 2434 componendus
1003 2351 1047 2414 sit
1070 2373 1107 2413 ex
1132 2349 1223 2414 FHD
1248 2388 1290 2397 -
1314 2352 1412 2416 mitto

130 2481 217 2524 nunc
240 2458 417 2544 particulas
441 2459 519 2523 alibi
544 2463 690 2524 servatas
708 2495 761 2542 —,
784 2458 992 2542 perspicuum
1015 2462 1065 2521 est
1085 2480 1158 2522 cum
1177 2457 1211 2522 M
1230 2480 1297 2523 non
1314 2481 1411 2543 posse

131 2566 284 2631 contendi
314 2565 378 2630 nisi
407 2588 445 2630 ea
473 2588 555 2649 quae
583 2565 725 2631 habeant
755 2569 789 2629 et
815 2563 875 2628 VH
904 2569 937 2628 et
966 2563 1008 2648 D,
1042 2566 1310 2649 coniecturaeque
1339 2566 1411 2629 loco

129 2673 313 2737 ducendum
336 2694 395 2738 nec
418 2671 448 2735 Y
473 2672 699 2737 ascribendum
719 2672 747 2736 si
767 2671 843 2755 quid
864 2671 1028 2756 singulare
1049 2672 1081 2736 in
1100 2693 1164 2735 uno
1184 2676 1273 2736 extet
1292 2671 1411 2737 codice.

132 2783 332 2864 quapropter
354 2783 485 2863 praeter
509 2778 763 2864 orthographica
782 2778 964 2863 singulares
983 2777 1104 2841 multas
1124 2778 1283 2842 eiusmodi
1302 2777 1412 2842 lectio-

131 2909 189 2951 nes
221 2887 326 2951 sciens
355 2886 451 2950 omisi
478 2891 594 2970 utpote
623 2885 662 2948 ad
692 2884 720 2947 Y
748 2884 990 2948 restitutionem
1022 2906 1087 2948 non
1120 2883 1289 2966 facientes,
1322 2888 1355 2948 et
1385 2884 1412 2948 si

132 3014 214 3076 quas
238 2992 334 3057 attuli
354 3029 399 3039 —
417 3015 456 3057 ex
480 2992 510 3056 H
534 2993 683 3072 maxime,
707 2995 820 3075 utpote
843 2991 928 3055 libro
950 2996 1078 3055 vetusto
1098 3028 1149 3075 -,
1173 2991 1235 3056 feci
1259 3012 1323 3055 nou
1348 3013 1412 3074 quo

130 3099 231 3163 utiles
256 3099 435 3164 arbitrarer
453 3100 508 3165 sed
527 3104 565 3164 ut
583 3121 635 3163 res
655 3104 729 3162 ante
749 3098 860 3162 oculos
880 3103 1065 3181 poneretur.
1103 3098 1292 3162 restitutum
1312 3097 1413 3182 igitur

131 3228 172 3269 ex
195 3203 287 3269 ΓΗΒ
311 3207 459 3271 codicum
482 3228 640 3271 consensu
665 3204 694 3268 Y
724 3205 753 3269 si
780 3186 1006 3288 comparamus
1035 3226 1108 3268 cum
1134 3203 1181 3285 M,
1209 3205 1243 3268 in
1271 3226 1339 3267 rem
1368 3204 1413 3267 in·

131 3312 270 3378 cidimus
304 3313 410 3377 variae
444 3312 659 3378 dubitationis
692 3313 830 3396 plenam.
881 3334 945 3375 una
974 3311 1061 3374 enim
1089 3333 1128 3375 ex
1155 3316 1247 3394 parte
1278 3309 1412 3375 dubium

130 3439 199 3484 non
218 3423 269 3484 est
287 3419 366 3503 quin
383 3421 513 3505 possint
532 3419 615 3484 axY
636 3423 669 3482 et
688 3419 801 3505 sarciri
817 3417 952 3482 Medicei
972 3418 1105 3482 lacunae
1125 3418 1210 3482 haud
1229 3404 1350 3501 paucae
1370 3455 1411 3463 -

131 3524 370 3609 veluth,15,
391 3530 424 3612 1,
448 3528 498 3610 16,
519 3528 552 3611 7,
574 3525 613 3608 Χ,
633 3527 685 3609 18,
704 3527 737 3608 2,
762 3526 814 3608 23,
833 3526 867 3610 5,
889 3523 945 3605 Xl,
968 3524 1017 3607 13,
1040 3527 1070 3606 1,
1099 3523 1171 3608 XII,
1194 3526 1242 3607 14,
1262 3526 1296 3608 3,
1323 3523 1412 3605 Xlll,

131 3633 186 3717 28,
204 3634 240 3714 3,
264 3632 335 3716 XV,
354 3635 384 3715 2,
403 3634 425 3698 5
446 3670 483 3678 -
506 3637 539 3697 et
563 3633 740 3698 multorum
764 3633 910 3697 locorum
930 3630 1092 3714 scriptura
1111 3632 1230 3715 partim
1250 3630 1413 3694 emendari

131 3739 256 3823 partim
289 3740 409 3805 iustam
438 3740 472 3804 in
501 3740 718 3825 suspicionem
749 3738 865 3804 vocari.
913 3760 993 3822 quae
1023 3761 1095 3802 cum
1124 3737 1172 3802 ita
1200 3760 1233 3802 se
1262 3737 1413 3819 habeant,

130 3851 241 3911 actum
266 3847 367 3911 videri
392 3847 498 3931 possit
521 3847 559 3911 de
581 3846 716 3911 Medicei
741 3846 936 3929 principatu.
979 3867 1089 3909 verum
1109 3845 1195 3909 enirn
1215 3867 1290 3909 vero
1310 3844 1413 3907 altera

131 3975 173 4017 ex
196 3957 289 4036 parte
313 3953 345 4017 iu
367 3953 395 4016 Y
415 3957 492 4018 sunt
515 3957 548 4017 et
572 3954 705 4018 lacunae
730 3954 848 4036 quibus
872 3952 1039 4035 explendis
1063 3973 1146 4015 unus
1171 3950 1317 4015 adhiberi
1341 3974 1412 4035 pos-

131 4061 179 4125 sit
197 4058 232 4125 Μ
252 4061 404 4146 -‚velut
424 4060 462 4146 X,
481 4062 533 4142 32,
552 4062 586 4143 4,
610 4060 681 4142 XII,
701 4062 731 4139 4,
755 4064 784 4141 1,
808 4060 864 4142 26,
884 4061 919 4142 2,
942 4057 1036 4140 Xlll,
1058 4061 1084 4140 l,
1108 4064 1132 4121 l.
1153 4061 1188 4142 4,
1214 4057 1283 4140 XV,
1302 4060 1336 4139 4,
1359 4060 1412 4140 143

132 4166 226 4250 XVI,
248 4169 342 4249 15‚2
366 4204 408 4215 --
438 4172 471 4231 et
503 4167 631 4252 amplus
666 4168 828 4230 variorum
861 4166 1015 4229 vitiorum
1048 4187 1200 4229 numerus
1234 4186 1314 4246 quae
1347 4186 1413 4227 non

132 4279 344 4359 compareant
367 4274 398 4338 in
424 4273 465 4338 M.
509 4275 573 4338 iam
598 4297 671 4338 cum
697 4278 820 4337 restent
843 4273 906 4336 loci
931 4272 1015 4334 haud
1040 4272 1133 4354 pauci
1158 4271 1213 4352 qui
1236 4275 1269 4333 et
1288 4271 1413 4334 diverse

131 4381 308 4465 utrobique
331 4381 526 4446 conformati
552 4381 618 4444 sint
641 4384 674 4442 et
698 4380 745 4442 ita
769 4379 946 4462 comparati
972 4382 1008 4441 ut
1033 4400 1089 4460 per
1108 4399 1141 4440 se
1161 4380 1307 4459 spectata
1326 4380 1359 4440 et
1380 4376 1412 4439 M

133 4488 297 4571 scriptura
320 4488 427 4572 possit
450 4488 579 4551 admitti
599 4491 632 4550 et
650 4486 689 4568 Y,
714 4486 862 4569 equidem
883 4485 978 4549 rebus
999 4485 1149 4548 omnibus
1170 4505 1251 4565 quae
1272 4506 1414 4547 momen-

131 4601 203 4658 tum
231 4595 354 4660 faciant
385 4617 480 4678 saepe
513 4595 701 4678 ponderatis
730 4615 768 4657 eo
797 4593 954 4655 adductus
987 4614 1058 4653 sum
1088 4595 1124 4652 ut
1152 4587 1251 4653 dubia
1279 4590 1334 4653 ubi
1363 4614 1413 4655 res

134 4706 223 4766 esset
237 4707 271 4765 et
286 4701 419 4785 incerta,
438 4701 481 4784 M,
500 4705 641 4765 veterem
656 4702 779 4781 ducem,
798 4699 887 4781 sequi
903 4696 1033 4761 mallem
1049 4718 1145 4779 quam
1163 4696 1198 4759 Y.
1228 4697 1274 4760 sic
1289 4697 1412 4762 factum

132 4812 171 4871 ut
194 4808 298 4872 altera
321 4830 450 4893 quoque
473 4830 559 4893 pars,
583 4805 730 4891 quamvis
754 4827 850 4890 saepe
869 4804 1041 4869 emendata
1060 4824 1097 4866 ex
1117 4802 1156 4888 Y,
1180 4825 1307 4868 summa
1327 4806 1359 4868 in
1380 4828 1412 4869 re
