3314 5460
592 368 849 423 EPISTVLARVM
866 368 926 424 ΧΠ.
946 375 988 422 14.
1009 373 1050 423 15.
1397 370 1462 433 319

179 531 306 598 bellum
339 533 463 617 primns
496 533 607 598 indixi.
656 532 736 598 haec
768 533 830 598 etsi
862 532 967 598 adhuc
997 555 1065 598 non
1098 553 1219 619 magno
1252 555 1347 617 opere
1381 534 1462 597 mihi

180 639 297 704 tulisse
330 639 472 705 fructum
506 641 741 723 animadverto,
774 645 884 705 tamen
913 662 978 705 non
1008 642 1144 724 despero
1171 661 1230 703 nec
1258 640 1463 726 defetigabor

182 768 372 829 permanere
394 770 460 812 non
484 747 590 812 solum
613 747 648 810 in
676 747 784 812 studio
812 748 988 824 libertatis,
1016 745 1072 810 sed
1100 747 1200 811 etiam
1226 746 1262 810 in
1289 747 1401 812 labore
1429 752 1463 811 et

184 852 343 935 periculis.
385 876 423 918 ac
447 859 570 938 tamen,
599 853 628 918 si
652 854 752 918 etiam
775 854 884 937 aliqua
908 854 1015 938 gloria
1038 854 1126 918 iusta
1148 858 1182 918 et
1205 853 1323 918 merita
1348 875 1463 936 provo-

164 959 330 1024 ⁵cabimur
354 964 486 1025 senatus
510 966 544 1024 et
567 959 684 1044 optimi
708 959 863 1044 cuiusque
883 960 1009 1044 officiis,
1032 961 1154 1024 maiore
1173 982 1247 1024 cum
1266 961 1462 1024 auctoritate

190 1066 269 1148 apud
292 1071 418 1132 ceteros
442 1067 562 1132 erimus
593 1071 626 1131 et
653 1088 692 1131 eo
720 1066 793 1150 plus
821 1067 974 1150 prodesse
1003 1067 1049 1131 rei
1072 1090 1103 1150 p.
1126 1067 1316 1151 poterimus.
1358 1067 1497 1136 filium8

191 1175 290 1257 tuum,
319 1173 358 1237 ad
382 1173 522 1238 Brutum
547 1196 620 1238 cum
643 1174 730 1256 veni,
761 1173 868 1238 videre
891 1196 957 1238 non
984 1173 1077 1256 potui
1105 1173 1192 1256 ideo,
1220 1174 1306 1256 quod
1334 1174 1399 1237 iam
1428 1174 1462 1236 in

194 1277 321 1344 hiberna
343 1303 418 1345 cum
438 1279 604 1366 equitibus
623 1282 693 1343 erat
711 1279 886 1364 profectus,
909 1278 966 1343 scd
985 1280 1108 1343 medius
1128 1277 1222 1343 fidius
1242 1302 1281 1343 ea
1298 1301 1369 1344 esse
1388 1302 1462 1344 eum

197 1383 337 1467 opinione
361 1391 394 1451 et
416 1392 474 1452 tua
496 1392 530 1451 et
558 1387 660 1470 ipsius
688 1391 722 1450 et
749 1385 783 1449 in
810 1387 925 1471 primis
952 1408 1026 1450 mea
1053 1407 1151 1450 causa
1178 1385 1317 1470 gaude03
1349 1386 1462 1450 fratris

168 1514 187 1554 n
198 1491 272 1556 enim
290 1493 363 1559 loco
383 1495 464 1558 mihi
483 1499 543 1577 est,
562 1494 618 1577 qui
637 1514 676 1556 ex
694 1495 727 1557 te
746 1498 843 1557 natus
863 1498 960 1577 teque
975 1481 1166 1577 dignusest
1200 1492 1278 1556 vale.
1312 1493 1340 1556 d
1356 1511 1406 1557 1111
1423 1493 1461 1558 K.

198 1595 256 1662 lun.
277 1599 409 1686 Pergae.

721 1740 791 1806 xv.
826 1738 930 1827 (411.)

217 1896 247 1962 P.
266 1899 496 1966 LENTVLVS
521 1901 554 1965 Ρ.
579 1900 615 1965 F.
637 1900 766 1978 PROQ.
789 1900 943 1966 PROPR.
968 1899 998 1965 S.
1022 1898 1061 1965 D.
1087 1899 1177 1965 COS.
1200 1901 1266 1965 PR.
1290 1901 1356 1967 Tlt.
1380 1902 1444 1967 PL.

383 2006 578 2073 SENATVI
601 2007 772 2073 POPVLO
796 2006 1016 2084 PLEBIQVE
1042 2006 1270 2072 ROMANAE.

143 2185 166 2223 1⁵
279 2166 309 2234 S.
331 2191 362 2234 v.
384 2169 406 2232 l.
429 2191 458 2233 v.
476 2191 504 2233 v.
528 2169 559 2233 b.
583 2190 608 2232 e.
627 2190 656 2232 v.
702 2168 822 2233 scelere
846 2166 1036 2232 Dolabellae
1060 2188 1215 2251 oppressa
1239 2167 1320 2232 Asia
1338 2169 1372 2232 in
1391 2192 1462 2253 pro·
1484 2193 1498 2239 1

175 2268 308 2339 Il'mam
330 2275 532 2361 provinciam
551 2272 775 2339 Macedoniam
793 2274 1019 2359 praesidiaque
1043 2274 1089 2338 rei
1108 2298 1148 2358 p.,
1172 2296 1255 2357 quae
1274 2274 1316 2340 M.
1332 2275 1464 2361 Brutus,

174 2392 212 2434 V·
230 2400 267 2460 c,
287 2374 430 2466 tenebat,
452 2405 503 2446 me
527 2381 650 2447 contuli
673 2385 708 2445 et
731 2382 763 2445 id
788 2380 850 2467 egi,
872 2386 918 2465 ut,
942 2403 1000 2464 per
1024 2403 1104 2464 quos
1129 2380 1296 2445 celerrime
1320 2388 1464 2468 possent,

172 2478 269 2551 Asia
298 2489 466 2574 provincia
498 2488 735 2573 vectigaliaque
767 2487 801 2551 in
829 2492 972 2552 vestram
999 2491 1200 2572 potestatem
1227 2489 1464 2574 redigerentur:

171 2596 274 2666 quod
297 2618 371 2661 cum
394 2595 619 2680 pertimuisset
638 2594 810 2659 Dolabella
833 2599 962 2659 vastata
984 2594 1161 2678 provincia,
1185 2597 1345 2680 correptis
1369 2597 1464 2660 vecti-

133 2696 326 2787 rogalibus,
348 2703 521 2787 praecipue
545 2701 670 2766 civibus
690 2701 849 2765 Romanis
874 2702 1024 2766 omnibus
1049 2701 1271 2767 crudelissime
1295 2703 1464 2767 denudatis

124 2878 128 2886 λ
174 2815 219 2862 30
245 2808 432 2892 divenditis,
455 2808 654 2892 celeriusque
678 2807 759 2872 Asia
783 2809 984 2891 excessisset,
1009 2830 1106 2891 quam
1130 2831 1167 2873 eo
1191 2810 1388 2892 praesidium
1412 2810 1464 2873 ad-

177 2901 260 2977 duci
287 2914 464 3000 potuisset,
496 2916 619 2980 diutius
648 2914 769 2979 morari
797 2920 855 2978 aut
882 2919 1070 3000 exspectare
1097 2915 1296 2999 praesidium
1323 2937 1389 2980 non
1412 2938 1464 2980 ne-

184 3029 276 3085 cesse
299 3020 398 3086 habui
428 3027 461 3086 et
485 3021 747 3107 quamprimum
770 3021 810 3084 ad
834 3044 944 3086 meum
967 3021 1112 3086 officium
1134 3023 1360 3087 revertendum
1384 3021 1464 3086 mihi

188 3134 257 3188 esse
282 3128 481 3213 existimavi,
504 3133 542 3193 ut
564 3134 597 3193 et
619 3128 745 3211 reliqua
769 3127 942 3213 vectigalia
965 3128 1129 3213 exigerem
1152 3133 1185 3193 et
1209 3150 1306 3213 quam
1329 3128 1465 3213 deposui

162 3242 185 3288 2⁵
194 3235 358 3305 pecuniam
386 3233 588 3321 colligerem,
616 3235 770 3318 quicquid
798 3256 837 3298 ex
866 3257 904 3299 ea
927 3239 1113 3319 correptum
1137 3240 1222 3299 esset
1246 3239 1303 3301 aut
1327 3256 1462 3318 quorum

198 3328 222 3394 il
244 3341 339 3424 culpa
361 3341 547 3425 accidisset,
576 3362 806 3426 cognoscerem
829 3361 929 3424 quam
952 3341 1093 3424 primum
1118 3347 1151 3405 et
1173 3364 1231 3406 vos
1255 3342 1293 3405 de
1318 3342 1406 3405 omni
1430 3364 1464 3405 re

201 3435 328 3511 lacerem
359 3448 526 3513 certiores.
572 3447 703 3512 interim
735 3469 808 3512 cum
840 3469 899 3530 per
929 3448 1053 3512 insulas
1086 3448 1121 3512 in
1149 3446 1262 3512 Asiam
1295 3447 1498 3532 naviganti-2

205 3544 272 3614 nihi
292 3554 479 3618 nuntiatum
503 3559 590 3619 esset
612 3554 749 3618 classem
773 3553 963 3618 Dolabellae
989 3557 1021 3617 in
1040 3553 1141 3638 Lycia
1164 3576 1234 3618 esse
1253 3554 1462 3637 Rhodiosque

206 3656 284 3722 uvis
305 3661 470 3746 conpluris
493 3661 670 3726 instructas
695 3664 727 3725 et
749 3664 882 3743 paratas
905 3661 940 3723 in
963 3681 1046 3744 aqua
1065 3659 1194 3740 habere,
1219 3683 1292 3726 cum
1311 3661 1357 3725 eis
1376 3660 1463 3725 navi·

175 3756 270 3845 ebus,
290 3788 367 3850 quas
390 3771 449 3831 aut
473 3790 597 3832 mecum
621 3768 817 3832 adduxeram
841 3771 899 3830 aut
922 3772 1167 3851 comparaverat
1189 3766 1339 3832 Patiscus
1363 3788 1464 3852 proq,

215 3883 401 3904 ,κὴ-

213 3950 292 4011 Nava
307 3959 341 4025 fr.
360 3965 431 4031 sap.
452 3960 519 4015 aa*
534 3979 563 4030 p.
579 3966 631 4014 ms
645 3963 655 4030 p
669 3966 692 4014 1.
712 3941 823 4026 muln,
846 3959 857 4012 i
876 3978 894 4013 a
911 3978 946 4014 m..
962 3965 991 4027 1,
1011 3960 1054 4028 n,
1071 3959 1170 4014 ineufi
1189 3960 1257 4014 ΜΗ
1272 3964 1281 4031 l
1299 3960 1354 4014 eui
1373 3959 1465 4014 annuc

213 4037 258 4102 11⁰1}
270 4044 365 4100 magno
383 4047 467 4101 opere
486 4034 524 4099 (m
583 4048 666 4101 opere
686 4032 732 4100 H)
751 4031 829 4098 ΜΗ,
848 4030 902 4083 etsi
920 4048 976 4084 non
995 4031 1087 4085 adhuc
1105 4048 1275 4102 magnopere
1294 4033 1324 4086 D
1343 4039 1353 4101 ΙΙ
1374 4038 1398 4086 2.
1418 4031 1464 4085 de-

130 4146 135 4155 .
213 4093 329 4165 fellgubor
346 4103 402 4169 Ml,
422 4101 549 4172 defatiga
570 4120 601 4157 or
615 4103 739 4157 Molli).
767 4105 800 4156 de
818 4104 879 4170 ipsa
894 4105 1092 4157 construetione
1106 4105 1140 4169 cs.
1157 4104 1261 4158 Ko'blcr
1300 4148 1305 4158 .
1321 4109 1354 4154 35
1369 4106 1416 4172 114.
1432 4120 1465 4156 ac

212 4169 288 4223 tamen
301 4173 468 4243 Wesenbcrp,
482 4173 616 4227 adtamen
629 4175 670 4241 M,
686 4176 812 4226 attamen
826 4172 888 4225 HD
910 4175 919 4241 ΙΙ
942 4178 966 4227 5.
987 4190 1049 4226 cum
1064 4192 1114 4229 om.
1131 4175 1161 4228 D
1183 4177 1192 4244 ll
1217 4182 1239 4229 7.
1255 4173 1264 4227 i
1286 4192 1318 4228 eo
1333 4175 1408 4242 quod
1423 4175 1464 4241 M,

212 4235 401 4320 ideoqucHDss
416 4249 440 4297 7.
451 4249 475 4298 8.
491 4245 709 4370 ἱηὴίδθτηειὲοῐ.
721 4246 827 4299 Garlitt
837 4245 938 4298 Philol.
948 4247 1038 4314 suppl.
1052 4245 1098 4299 IV.
1115 4251 1191 4300 1883.
1203 4265 1233 4315 p.
1244 4251 1295 4298 561
1310 4248 1319 4314 ll
1335 4252 1375 4300 10.
1391 4244 1465 4298 enim

210 4307 266 4365 nuln
277 4311 333 4369 loco
347 4316 391 4369 est
401 4316 435 4370 Η
445 4318 455 4385 11
467 4315 500 4370 Κ.
514 4319 550 4384 Ψ,
564 4315 635 4370 Non.
667 4319 744 4370 trott.
769 4317 804 4382 cf.
817 4315 900 4369 Ructe
912 4315 1047 4384 ‘Oorrcsp
1059 4316 1124 4371 θέε]
1139 4335 1166 4385 p.
1179 4322 1213 4369 54
1226 4320 1235 4386 ΙΙ
1251 4323 1290 4370 11.
1306 4332 1409 4386 pergae
1423 4317 1464 4384 M,

206 4398 291 4455 pergae
309 4386 377 4453 HD,
395 4387 487 4456 Perga
507 4387 599 4442 Orelli.
628 4388 662 4454 cs.
682 4388 830 4455 delerp.
846 4388 959 4454 961113.
979 4386 1083 4451 PEOQ.
1103 4387 1243 4459 PROPE]
1266 4390 1299 4454 cf.
1315 4388 1466 4442 Mommsen

208 4457 365 4512 ‘romara’
385 4458 418 4511 1³
431 4477 462 4527 p.
478 4464 537 4514 683.
557 4463 609 4511 693
623 4461 632 4527 ΙΙ
646 4476 701 4513 cos.
720 4459 757 4524 D,
777 4474 846 4512 coss.
866 4457 905 4524 H,
924 4474 1013 4512 conss.
1033 4460 1067 4512 M
1079 4460 1088 4527 ΙΙ
1105 4464 1144 4512 15.
1164 4458 1182 4513 l.
1197 4460 1236 4530 u]
1256 4458 1273 4514 l.
1294 4477 1319 4527 q.
1334 4476 1360 4512 v.
1380 4460 1464 4512 Lam·

202 4528 282 4594 aaa,
297 4529 359 4584 berre
371 4530 382 4600 ll
394 4529 421 4584 b.
436 4545 461 4584 e.
475 4548 501 4584 v.
520 4529 594 4597 ΜΗ,
613 4529 640 4583 b.
660 4546 683 4584 e.
704 4546 727 4583 e.
747 4547 773 4597 q.
792 4547 818 4583 v.
837 4529 867 4582 D
880 4531 889 4598 ΙΙ
904 4534 945 4583 19.
966 4530 1079 4582 uastata
1093 4547 1127 4583 eu:
1141 4532 1261 4598 uestata,
1280 4536 1312 4583 ut
1327 4532 1392 4596 oid,
1406 4531 1464 4583 M0.

200 4601 356 4669 vastataque
377 4644 404 4655 ..
421 4643 449 4655 ..
469 4606 511 4655 21.
531 4599 649 4655 celerius
670 4602 837 4670 Wesenberp,
856 4599 927 4671 (et)
941 4602 1056 4654 vastata
1071 4644 1075 4653 .
1088 4644 1094 4654 .
1105 4644 1128 4654 ..
1145 4600 1262 4654 celerius
1280 4602 1339 4668 alii,
1355 4608 1466 4669 practer

196 4674 368 4728 morositatem
378 4679 448 4741 puto
461 4675 471 4741 l
485 4677 527 4727 20.
542 4672 672 4726 omnibus
683 4672 723 4739 M,
743 4690 792 4726 om.
804 4671 865 4725 HD
879 4673 887 4739 ΙΙ
902 4676 944 4725 21.
959 4670 1124 4743 divenditis]
1141 4671 1280 4725 divexatis
1294 4673 1448 4726 Lambinus
1456 4673 1465 4743 {l

194 4749 233 4801 Μ).
251 4741 398 4825 quicquid]
420 4741 544 4812 quidque
564 4745 736 4825 ituantem,
762 4745 869 4797 inimic
896 4745 906 4811 ΙΙ
932 4748 975 4797 27.
999 4742 1125 4797 certioris
1143 4744 1180 4796 M
1204 4746 1213 4814 ΙΙ
1240 4750 1282 4798 28.
1303 4745 1378 4798 esset
1395 4743 1465 4814 HD,

192 4817 234 4872 cst
251 4814 364 4882 nitas.
382 4817 521 4869 instructa
539 4814 725 4886 Mlleis]h1s
746 4817 782 4882 Ψ,
801 4813 837 4866 iis
856 4830 873 4873 ς
