3314 5460
167 354 282 408 XXVIII
703 348 918 403 PRAEFATIO.

257 540 294 581 ex
325 517 371 582 eis
401 539 482 600 quac
512 515 615 579 adhuc
646 513 813 597 disputata
841 517 930 594 sunt,
963 535 1028 576 uon
1056 510 1204 576 inutilem
1232 532 1303 575 esse
1331 533 1451 576 novam

167 625 284 689 harum
313 623 526 708 epistularum
555 620 730 686 editionem
762 641 844 704 quae
872 619 1125 683 instrumentum
1156 618 1305 683 criticum
1339 622 1452 683 teneat

170 753 275 814 omne,
298 731 423 795 elucere
448 733 535 811 puto.
578 727 664 812 quod
692 726 798 811 magis
827 726 926 791 etiam
955 725 1126 810 apparebit
1153 748 1191 789 ex
1220 725 1312 789 brevi
1340 726 1452 790 adum·

170 837 321 902 bratione
345 858 478 902 ossuum
503 857 584 919 quos
607 834 668 899 hae
693 833 851 918 epistulae
881 837 957 917 post
986 838 1114 896 renatas
1142 830 1269 897 litteras
1298 837 1452 917 expertae

170 948 255 1008 sunt.
292 943 417 1027 priscae
438 943 524 1007 enim
543 941 710 1021 editiones,
730 940 750 1004 i.
765 963 791 1005 e.
810 961 866 1004 eae
886 961 968 1024 quae
988 939 1073 1003 inter
1092 961 1195 1003 annos
1212 939 1296 1004 1467
1312 944 1347 1004 et
1367 940 1452 1006 1536

170 1051 372 1134 prodierunt,
404 1050 509 1133 magis
533 1049 679 1112 minusve
707 1049 853 1131 impurae
882 1050 958 1111 sunt
986 1068 1112 1125 omnes,
1136 1067 1209 1111 cum
1238 1047 1355 1112 ductae
1386 1048 1452 1111 sint

170 1180 208 1220 ex
229 1157 394 1222 codicibus
412 1155 559 1237 novellis,
578 1152 795 1239 interpolatis,
814 1153 997 1219 maculosis.
1040 1157 1239 1237 quapropter
1258 1153 1383 1238 grande
1404 1158 1453 1218 est

171 1263 209 1328 P.
236 1264 363 1327 Victorii
395 1261 562 1343 meritum,
600 1262 655 1345 qui
688 1266 721 1325 et
753 1262 865 1325 sordes
898 1261 972 1325 illas
1006 1258 1172 1344 aspernari
1204 1264 1254 1324 est
1285 1281 1387 1324 ausus
1421 1265 1452 1325 et

169 1369 415 1433 fundamentum
449 1368 600 1432 editionis
636 1390 711 1431 suae
743 1390 862 1451 ponere
893 1367 925 1431 in
953 1366 1098 1431 Mediceo
1122 1367 1222 1451 49,9
1251 1362 1306 1453 (cf.
1331 1364 1452 1432 Orelli*

170 1499 200 1561 p.
221 1474 345 1540 XXXII
356 1472 427 1562 sq.).
469 1497 665 1560 quamquam
689 1474 775 1539 enim
799 1476 845 1538 sic
869 1475 1035 1560 perierunt
1058 1497 1139 1560 quae
1170 1474 1256 1539 bona
1282 1473 1452 1539 habebant

173 1582 332 1647 editiones
352 1582 427 1645 illae
447 1582 584 1666 expletis
603 1581 742 1646 maxime
761 1582 845 1646 haud
867 1582 979 1666 paucis
998 1581 1134 1646 Medicei
1153 1581 1286 1665 lacunis,
1305 1582 1452 1665 amplam

173 1689 228 1753 ille
253 1688 366 1753 attulit
389 1689 685 1772 compensationem
710 1711 783 1754 cum
812 1692 965 1754 accurata
993 1689 1113 1754 codicis
1142 1687 1357 1753 vetustissimi
1389 1690 1452 1755 col·

171 1796 293 1860 latione
327 1800 397 1859 tum
429 1795 538 1861 indicii
572 1795 745 1879 prudentia
772 1817 809 1859 ac
838 1795 1037 1860 maturitate.
1046 1793 1071 1881 ¹)
1116 1817 1181 1859 non
1210 1799 1318 1859 tamen
1349 1797 1452 1861 movit

173 1902 242 1966 eius
266 1902 449 1987 exemplum
473 1906 530 1966 aut
554 1902 704 1987 aequales
728 1906 785 1965 aut
813 1901 969 1985 iuniores,
1000 1902 1055 1966 sed
1084 1902 1135 1965 vel
1158 1902 1231 1965 vivo
1255 1901 1312 1965 illo
1339 1925 1452 1968 rursus

173 2009 317 2096 grassari
350 2008 457 2091 coepit
491 2009 638 2092 quamvis
672 2009 850 2073 modestius
880 2009 937 2073 illa
965 2031 1063 2093 quam
1091 2009 1267 2074 memoravi
1295 2008 1452 2095 confusio,

173 2116 238 2180 alio
267 2116 348 2184 alias
377 2137 414 2179 ex
442 2114 535 2178 libris
563 2115 700 2179 noviciis
732 2115 930 2180 admiscente
964 2116 1116 2181 maculas.
1164 2138 1227 2199 quo
1256 2137 1275 2178 a
1301 2116 1387 2180 vitio
1417 2141 1452 2183 ne

176 2224 341 2288 Manutius
364 2222 493 2307 quidem
513 2226 569 2286 aut
588 2222 760 2286 Lambinus
783 2223 932 2307 quamvis
952 2223 1081 2308 egregie
1101 2221 1156 2286 ille
1176 2222 1382 2288 enarratione
1403 2225 1452 2290 hic

173 2330 397 2395 emendatione
422 2330 459 2394 de
484 2329 535 2393 his
554 2329 704 2412 epistulis
727 2330 835 2393 meriti
855 2352 988 2414 prorsus
1007 2331 1181 2394 immunes:
1206 2334 1336 2413 praeter
1355 2331 1452 2396 Medi·

175 2459 267 2503 eeum
292 2437 372 2501 viles
396 2437 508 2521 utique
532 2440 626 2501 erant
649 2436 767 2519 quibus
791 2440 928 2521 uterque
951 2437 1106 2502 utebatur
1130 2436 1264 2501 codices.

263 2544 354 2609 varia
376 2543 490 2609 deinde
514 2544 659 2628 supellex
678 2566 776 2628 quam
795 2544 835 2608 ad
855 2541 1044 2610 Ciceronem
1063 2544 1296 2608 emendandum
1317 2545 1452 2630 college·

173 2657 225 2717 rat
255 2653 355 2717 quus
383 2651 571 2717 Gulielmius
598 2650 640 2736 (v.
664 2650 803 2716 Bursian
832 2650 961 2718 ‘Gescb
985 2652 1014 2715 d.
1034 2652 1128 2717 class.
1146 2649 1241 2714 Phil?
1265 2672 1295 2733 p.
1314 2649 1452 2738 240sq.]

173 2782 247 2823 cum
275 2764 352 2843 post
381 2758 470 2822 varie
497 2759 565 2822 fata
589 2757 631 2844 (v.
651 2759 754 2824 Hesse
779 2757 886 2842 Serap.
909 2757 1036 2823 XXVII
1060 2782 1089 2844 p.
1110 2758 1153 2823 86
1164 2754 1224 2843 sq.)
1252 2757 1452 2840 pervenisset

174 2865 213 2928 ad
238 2865 416 2948 Gruterum,
440 2887 477 2928 ea
501 2887 627 2929 summa
649 2864 683 2929 in
706 2889 740 2930 re
765 2867 914 2951 epistulis
938 2865 1054 2930 saltem
1076 2887 1142 2929 non
1162 2864 1300 2927 multum
1320 2863 1452 2946 profuit

174 2971 300 3036 scilicet
323 2972 358 3035 in
380 2975 472 3056 parte
496 2971 603 3054 priore
628 2971 796 3055 congeries
828 2976 917 3035 extet
945 2972 1121 3036 lectionum
1150 2993 1186 3036 ex
1215 2969 1351 3035 Medicei
1380 2993 1453 3054 apo·

175 3078 309 3163 graphis
333 3078 512 3163 ductorum,
536 3079 569 3142 in
593 3078 696 3142 altera
720 3082 796 3145 sunt
820 3079 905 3142 bona
930 3079 1033 3143 mixto
1058 3077 1168 3161 malis,
1191 3078 1240 3141 ita
1263 3075 1394 3161 quidem
1418 3083 1452 3142 ut

175 3190 208 3249 ct
237 3185 404 3250 Gruterum
431 3185 487 3271 qui
516 3186 615 3250 verba
646 3185 808 3250 recensuit
837 3190 870 3250 et
898 3186 1095 3251 Gebharduru
1124 3185 1179 3268 qui
1208 3183 1452 3249 adnotationem

176 3292 313 3378 digessit
344 3315 478 3378 prorsus
512 3295 679 3379 ignorasse
718 3298 873 3377 appareat
909 3293 985 3378 quid
1023 3294 1183 3357 distarent
1217 3312 1291 3355 uera
1323 3290 1448 3374 lupinis

176 3405 305 3485 praesto
329 3400 395 3465 illis
419 3406 512 3465 erant
539 3405 668 3485 praeter
691 3399 871 3466 Mediceum
894 3388 1141 3485 Hittorpianus,
1169 3399 1189 3462 i.
1209 3421 1234 3462 e.
1258 3396 1452 3463 Harleianus

175 3509 276 3591 2682,
304 3512 337 3572 et
361 3508 531 3573 Palatinus
555 3512 680 3588 sextus,
704 3509 723 3572 i.
743 3531 769 3572 e.
794 3509 861 3573 Pal.
881 3509 960 3590 598,
989 3530 1008 3572 a
1033 3506 1173 3570 Grutero
1197 3506 1268 3589 ipso
1292 3527 1452 3588 exeussus

175 3637 239 3701 qno
258 3616 374 3680 melius
393 3616 646 3681 instrumentum
666 3638 705 3680 ne
724 3615 820 3680 hodie
841 3616 970 3699 quidem
989 3613 1155 3678 habemus.
1198 3618 1325 3676 tantum
1344 3615 1452 3677 tamen

174 3725 268 3787 abest
286 3729 323 3787 ut
341 3723 476 3789 lacunae
495 3724 612 3788 saltem
632 3722 768 3788 Medicei
788 3723 878 3787 illinc
898 3723 964 3786 sint
979 3720 1135 3805 expletae,
1153 3723 1191 3783 ut
1205 3720 1396 3802 plerumque
1416 3742 1452 3783 ne

174 3884 375 3950 corruptasque
403 3881 515 3951 proprio
543 3881 720 3935 librariorum
748 3883 872 3948 peccato.
905 3912 933 3919 --
962 3895 1064 3932 nomen
1092 3877 1199 3931 habent
1226 3874 1411 3930 Canoniciani
1441 3895 1452 3930 s

174 3952 210 4005 II.
225 3951 253 4006 L.
271 3952 404 4006 Canonici
418 3952 539 4019 Veneto,
562 3953 587 4005 S.
603 3953 622 4007 l.
638 3953 844 4021 (litt—1805),
864 3951 943 4003 curius
962 3950 1089 4004 codicum
1109 3947 1239 4002 collectio
1259 3964 1283 4000 a.
1304 3952 1373 3999 1817
1394 3964 1452 4018 per-

173 4022 250 4077 venit
269 4024 298 4076 in
319 4023 502 4077 Bodleianam
522 4036 558 4086 (v.
578 4024 690 4091 Mac-ray
713 4022 831 4076 ‘Annuls
855 4023 887 4075 of
904 4023 952 4076 the
975 4021 1110 4075 Bodleian
1129 4019 1257 4087 Library’
1278 4017 1364 4071 Lond.
1387 4025 1452 4073 1861

194 4100 267 4148 ‚223
282 4100 343 4163 sqsj.
380 4095 442 4165 ipss
466 4094 516 4147 illa
540 4095 668 4148 collectio
692 4112 725 4147 cx
749 4097 829 4163 purte
852 4093 979 4147 constitit
1002 4092 1145 4146 codicibus
1165 4090 1213 4158 qui
1233 4091 1367 4143 Mantuae
1388 4089 1452 4143 olim

173 4113 286 4220 lirersut
304 4169 339 4248 (v.
360 4166 485 4221 Gottlieb
506 4165 660 4219 ‘mittelnlt
681 4164 764 4219 Bibl’
786 4185 811 4235 p.
827 4171 888 4233 208,
903 4171 938 4234 2).

264 4245 290 4290 11
309 4255 369 4307 ipse
392 4237 556 4291 continuum
575 4235 693 4290 Victorii
717 4237 873 4290 editionum
893 4269 925 4276 -
945 4237 1036 4290 ultera
1058 4233 1164 4305 prodiit
1187 4251 1211 4286 a.
1235 4237 1302 4285 1558
1322 4262 1354 4270 -
1375 4249 1452 4284 usurr

174 4324 230 4361 non
253 4309 352 4377 habui,
377 4309 424 4363 sed
444 4312 555 4379 praeter
574 4311 705 4379 excerpta
725 4308 792 4362 foris
811 4309 888 4362 fucta
906 4308 1010 4378 primas
1030 4307 1089 4361 eius
1110 4305 1301 4371 secundasque
1320 4319 1403 4355 curas
1425 4335 1452 4343 -

175 4379 273 4431 terties
297 4397 321 4432 ar
346 4388 411 4434 11140
434 4398 526 4451 progr.
546 4380 691 4434 Turiceusi
715 4380 829 4451 repetiit
848 4380 947 4437 Orelli.
972 4379 1030 4432 siue
1055 4395 1158 4447 magno
1181 4380 1277 4429 tamen
1296 4374 1452 4427 litterarum

174 4448 362 4504 emolumento
378 4468 592 4522 —cognoscere
612 4453 695 4505 debui
716 4471 749 4505 ex
769 4451 880 4505 Graevii
901 4454 929 4502 ct
948 4449 1045 4503 Orellii
1066 4448 1249 4502 adnotatione
1286 4450 1452 4514 qrruproptev

175 4519 198 4571 si
221 4520 289 4586 quid
314 4521 342 4574 in
365 4520 505 4593 apparatu
524 4523 615 4576 minus
634 4528 709 4577 recte
729 4542 746 4576 u
765 4540 808 4576 rue
828 4523 862 4575 de
883 4521 1006 4573 Victorio
1026 4521 1146 4574 relutruu
1166 4523 1221 4581 est,
1247 4534 1367 4584 uequum
1386 4516 1452 4569 mih:

174 4589 291 4660 ignosci.
324 4596 408 4660 atque
423 4596 522 4649 eadem
536 4595 627 4662 veniu,
643 4599 674 4648 ut
689 4596 740 4647 hoc
756 4594 933 4662 subiungam,
948 4592 1017 4645 mihi
1032 4592 1066 4645 de
1082 4592 1146 4645 aliis
1161 4589 1266 4644 criticis
1281 4586 1452 4658 superiorum

174 4664 330 4730 temporum
358 4663 545 4733 impertienda
572 4670 627 4720 est:
656 4682 717 4720 sero
745 4664 819 4718 enim
847 4666 946 4717 nactus
975 4683 1037 4716 sum
1064 4662 1276 4716 Lumbinianam
1303 4659 1452 4713 editionem

174 4749 199 4786 a.
216 4738 296 4799 1665,
320 4733 403 4786 utin
426 4736 487 4804 ipso
511 4754 594 4807 opere
618 4736 815 4806 antiquissima
838 4752 923 4802 quam
945 4738 1082 4806 perpetuo
1106 4733 1251 4788 consulere
1270 4731 1366 4785 liceret
1385 4729 1452 4784 Gru-

175 4803 285 4858 terisna
303 4803 389 4858 fuerit
407 4807 474 4859 anni
495 4813 572 4862 1618.
