3314 5460
203 369 269 435 402
656 368 693 426 M.
712 370 817 425 TVLLI
837 368 1026 427 CICERONIS

204 533 364 598 firmiores
388 533 513 599 animos
538 532 683 599 omnium
711 535 834 601 faceret
861 541 895 601 et
917 558 979 622 ego
1004 541 1143 622 mature,
1171 539 1248 622 quid
1272 544 1429 624 ageretur
1451 539 1485 603 in

206 639 308 725 Syria,
332 641 414 706 scire
433 663 571 725 possem,
594 646 721 726 tempus
742 642 811 707 eius
831 643 940 726 tridui,
961 645 1045 727 quod
1066 644 1099 707 iu
1118 644 1165 708 eis
1185 645 1302 709 castris
1321 645 1485 727 morabar,

168 748 239 814 sin
262 770 381 834 magno
406 747 514 813 officio
541 751 574 813 et
596 747 778 813 necessario
807 749 888 813 mihi
915 751 1101 834 ponendum
1129 751 1249 834 putavi
1291 775 1368 817 eum
1398 751 1484 816 enim

204 860 313 921 vestra
331 854 508 920 auctorItas
528 855 775 939 intercessisset,
794 860 831 919 ut
846 877 907 941 ego
923 879 1033 942 regem
1048 857 1303 922 Ariobarzanem
1318 858 1485 924 Eusebem

203 967 236 1027 et
262 961 549 1028 Philorhomaeum
580 966 688 1027 tuerer
720 963 853 1047 eiusque
887 964 973 1049 regis
1006 964 1159 1047 salutem,
1190 964 1483 1049 †incolumitatem
1511 995 1524 1033 s

203 1091 404 1156 regnumque
427 1069 646 1154 defenderem,
661 1069 738 1154 ‚regi
763 1090 927 1154 regnoque
951 1071 1113 1154 praesidio
1138 1093 1256 1156 essem,
1283 1073 1485 1137 adiunxisse

204 1178 310 1262 tisque
339 1178 479 1241 salutem
511 1176 580 1241 eius
613 1176 700 1261 regis
732 1177 854 1261 populo
886 1178 1078 1262 senatuique
1110 1199 1246 1264 magnae
1277 1201 1375 1244 curae
1404 1200 1485 1264 esse,

204 1285 291 1369 quod
312 1284 403 1349 nullo
427 1305 581 1367 umquam
606 1283 644 1347 de
668 1304 744 1368 rege
768 1282 934 1349 decretum
954 1289 1041 1349 esset
1059 1307 1078 1349 a
1096 1289 1211 1350 nostro
1231 1285 1353 1371 ordine,
1375 1286 1487 1350 existi·

204 1392 290 1457 mavi
309 1414 360 1456 me
380 1390 536 1456 iudIeium
554 1396 698 1455 vestrum
714 1390 753 1454 ad
768 1411 879 1475 regem
899 1390 1022 1456 deferre
1041 1390 1157 1456 debere
1172 1391 1264 1475 eique
1283 1392 1488 1475 praesidium

204 1521 312 1562 meum
336 1502 369 1561 et
391 1498 487 1562 fidem
511 1502 544 1562 et
567 1496 771 1583 diligentiam
802 1497 963 1582 polliceri,
991 1503 1041 1582 ut,
1069 1499 1223 1582 quoniam
1251 1498 1340 1564 salus
1369 1500 1486 1584 ipsius,
1502 1534 1526 1571 ιο

203 1605 411 1670 incolumitas
435 1604 528 1690 regni
552 1604 633 1668 mihi
657 1605 882 1670 commendata
906 1609 991 1670 esset
1014 1627 1034 1669 a
1056 1604 1164 1690 vobis,
1194 1606 1328 1688 diceret,
1352 1606 1382 1670 si
1407 1607 1487 1691 quid

168 1712 311 1778 avellet.
354 1734 436 1796 quae
460 1732 533 1776 cum
556 1733 660 1776 essem
684 1712 718 1775 in
742 1712 878 1777 consilio
910 1734 982 1777 meo
1007 1734 1080 1777 curn
1108 1733 1184 1797 rege
1212 1712 1360 1798 locutus,
1387 1713 1486 1779 initio

202 1819 258 1883 ille
287 1808 443 1884 orationis
473 1840 549 1883 suae
578 1817 671 1882 vobis
700 1818 866 1904 maximas,
899 1823 936 1884 ut
963 1818 1089 1901 debuit,
1121 1818 1234 1883 deinde
1266 1819 1369 1884 etiam
1402 1820 1487 1885 mihi

203 1925 327 2011 gratias
347 1925 425 2009 egIt,
444 1925 528 2008 quod
544 1925 574 1988 ei
588 1945 802 2010 permagnum
817 1929 850 1988 et
865 1924 1138 2008 perhonorificum
1154 1925 1335 2008 videbatur,
1355 1930 1487 1992 senatui

203 2031 236 2097 P.
258 2032 294 2108 Q.
314 2033 352 2097 R.
375 2034 486 2096 tantae
509 2053 605 2096 aurae
629 2053 700 2096 esse
724 2031 864 2096 salutem
886 2053 979 2095 suam
998 2053 1112 2115 meque
1131 2035 1258 2095 tantam
1277 2031 1489 2119 diligentiam
1504 2068 1529 2105 ιε

202 2140 366 2224 adhibere,
388 2143 426 2202 ut
449 2144 483 2203 et
505 2160 578 2203 mea
596 2139 676 2202 fides
695 2142 729 2203 et
747 2138 1037 2203 commendationis
1061 2142 1187 2202 vestrae
1211 2140 1396 2205 auctoritas
1418 2163 1491 2226 per·

201 2246 283 2331 spici
307 2249 427 2330 posset.
470 2249 568 2328 atque
596 2244 651 2309 ille
675 2245 796 2330 primo,
824 2246 910 2329 quod
939 2245 1020 2310 mihi
1049 2245 1209 2310 maximae
1237 2246 1386 2313 laetitiae
1416 2247 1490 2332 fuit,

200 2353 249 2416 ita
271 2374 397 2418 mecum
421 2352 550 2417 locutus
575 2356 639 2437 est,
669 2357 706 2417 ut
729 2353 836 2417 nullas
865 2350 1000 2417 insidias
1027 2372 1132 2436 neque
1159 2352 1245 2417 vitae
1274 2375 1354 2418 suae
1381 2377 1489 2440 neque

200 2480 302 2545 regno
326 2459 450 2524 diceret
473 2481 507 2523 se
532 2465 589 2523 aut
613 2458 803 2544 intellegere
826 2459 897 2524 fieri
921 2463 979 2524 aut
1001 2459 1100 2523 etiam
1122 2459 1289 2544 suspicari.
1329 2483 1406 2528 cum
1426 2483 1488 2549 ego

201 2567 230 2630 ei
254 2567 441 2651 gratulatus
465 2588 570 2631 essem
593 2565 689 2649 idque
712 2588 763 2630 me
783 2566 924 2651 gaudere
943 2565 1098 2630 dixissem
1117 2569 1151 2631 et
1170 2571 1279 2632 tamen
1298 2568 1515 2639 adulescente

201 2677 268 2736 tem
287 2695 392 2738 essem
412 2673 611 2756 cohortatus,
635 2676 672 2736 ut
691 2673 916 2738 recordaretur
937 2694 1049 2737 casum
1068 2672 1163 2738 illum
1181 2673 1336 2739 interitus
1355 2677 1485 2760 paterni

200 2784 235 2844 et
256 2779 432 2866 vigilanter
456 2802 489 2843 se
513 2784 660 2844 tueretur
689 2782 786 2863 atque
815 2779 985 2844 admonitu
1012 2784 1144 2844 senatus
1173 2781 1359 2846 consuleret
1386 2783 1486 2849 saluti

166 2903 182 2950 s
202 2909 288 2966 suae,
312 2891 384 2952 tum
408 2910 428 2950 a
450 2909 501 2950 me
526 2886 676 2951 discessit
700 2886 733 2949 in
758 2886 912 2970 oppidum
937 2884 1100 2970 Cybistra.
1141 2891 1273 2971 postero
1297 2893 1411 2954 autern
1435 2892 1484 2955 die

200 3015 274 3058 cum
296 2991 486 3077 Ariarathe,
509 2992 611 3057 fratre
635 3014 709 3077 sue,
740 2996 772 3056 et
796 3015 870 3059 eum
893 2992 1038 3075 paternis
1063 2993 1176 3057 amicis
1199 2993 1381 3061 maioribus
1406 3002 1484 3062 natu

201 3099 241 3163 ad
265 3121 316 3163 me
340 3100 375 3164 in
397 3102 504 3163 castra
529 3099 617 3165 venit
639 3099 913 3183 perturbatusque
938 3103 971 3163 et
994 3099 1091 3183 flens,
1116 3122 1189 3165 cum
1213 3101 1299 3165 idem
1323 3108 1358 3167 et
1380 3103 1516 3173 fraterne

200 3207 322 3272 faceret
345 3211 378 3270 et
402 3206 512 3289 amici,
544 3228 648 3271 meam
673 3206 782 3290 fidem,
810 3210 953 3271 vestram
977 3206 1292 3273 commendationem
1316 3209 1482 3295 inplorare

200 3313 317 3398 coepit.
363 3336 436 3379 eum
465 3313 656 3397 admirarer,
689 3313 765 3397 quid
798 3313 968 3378 accidisset
997 3313 1089 3397 novi,
1121 3313 1204 3378 dixit
1231 3315 1271 3379 ad
1299 3338 1335 3380 se
1363 3317 1485 3384 indicia

199 3420 445 3486 manifestarum
478 3420 669 3484 insidiarum
698 3441 767 3484 esse
795 3418 916 3503 delata,
950 3442 1032 3504 quae
1061 3425 1171 3484 essent
1204 3425 1278 3486 ante
1307 3424 1484 3489 adventum

198 3550 306 3594 meum
329 3528 502 3610 occultata,
524 3526 610 3611 quod
634 3525 673 3612 ei,
696 3527 753 3611 qui
771 3549 809 3590 ea
827 3526 1009 3610 patefacere
1033 3531 1175 3612 possent,
1198 3533 1336 3614 propter
1354 3535 1482 3596 metum

196 3636 417 3719 reticuissent,
441 3656 479 3699 eo
503 3638 612 3698 autem
632 3638 777 3717 ternpore
796 3655 852 3718 spe
871 3633 935 3697 mei
954 3634 1109 3717 praesidii
1128 3634 1304 3718 compluris
1325 3658 1373 3721 ea,
1398 3661 1481 3723 quae
1494 3666 1517 3707 a

201 3763 412 3771 ...ῤ’-*-

287 3835 310 3883 1.
329 3826 459 3882 firmioris
473 3827 511 3880 M
520 3828 529 3895 11
544 3833 568 3881 2.
588 3825 648 3880 eius
661 3824 756 3879 trudui
771 3826 808 3879 Μ
817 3828 826 3895 11
841 3825 893 3895 eis]
912 3825 948 3879 iis
963 3826 1005 3892 M,
1024 3825 1068 3880 his
1083 3826 1175 3882 FHD
1187 3829 1197 3896 11
1211 3833 1235 3882 4.
1255 3827 1392 3883 eusebem
1408 3831 1480 3899 MD,

197 3901 298 3955 eusebe
317 3900 361 3967 Η,
380 3898 481 3953 eusebe
503 3898 538 3952 F.
566 3899 723 3954 eusebeue
749 3898 759 3966 11
786 3902 810 3951 5.
831 3904 855 3952 6.
874 3896 1098 3951 incolumitatem
1116 3914 1288 3969 regnumque
1308 3900 1347 3954 M
1350 3944 1356 3968 ,
1388 3905 1419 3955 et
1438 3902 1479 3956 in-

196 3971 389 4026 columitatem
411 3985 583 4039 regnumque
602 3968 701 4024 FHD.
736 3972 765 4022 et
786 3967 1011 4022 incolumitatem
1033 3968 1113 4038 regni
1136 3987 1165 4036 ς,
1193 3969 1479 4042 incolumitatemque

196 4043 275 4114 regni
299 4043 465 4111 Wesenberg.
506 4042 599 4095 ieelim
621 4039 845 4093 incolumitatem
867 4039 947 4110 regni
973 4039 1049 4093 omni
1074 4057 1090 4094 o
1111 4057 1134 4095 e.
1172 4042 1206 4106 cf.
1226 4058 1291 4095 aaa.
1312 4044 1387 4111 ptil.
1409 4051 1475 4099 1891

192 4116 350 4183 11350117.
370 4113 474 4182 populo
491 4111 669 4182 senatuique]
688 4113 722 4178 ef.
739 4112 1052 4178 11761111111111113161.
1148 4110 1206 4166 VII.
1227 4116 1303 4166 1882.
1323 4132 1350 4180 p.
1368 4121 1481 4186 120sq,

196 4187 346 4240 Mommsen
366 4187 399 4239 ‘r.
414 4184 541 4238 Stare-Iar)
562 4183 630 4236 1112
646 4201 676 4263 p.
693 4187 769 4236 1257.
803 4182 913 4235 senatui
931 4181 1090 4252 populoque
1105 4182 1251 4255 <Romano
1293 4184 1459 4257 Wesenberg
1473 4188 1483 4259 1

196 4264 221 4312 8.
240 4257 330 4381 esset}
345 4257 389 4310 est
407 4256 504 4309 Baiter
517 4257 527 4324 11
542 4259 583 4309 10.
603 4253 691 4322 ipsrus
711 4255 752 4318 M,
771 4271 820 4307 erre.
838 4253 929 4306 FHD
942 4257 951 4322 11
966 4259 1007 4308 12.
1027 4270 1117 4307 essem
1135 4272 1169 4307 eu
1187 4270 1248 4308 esse
1276 4254 1327 4324 D¹,
1346 4234 1481 4327 essetll,

196 4331 290 4382 essent
326 4327 345 4391 Ἰ,
364 4343 425 4380 esse
444 4327 480 4380 M
490 4329 500 4394 11
515 4331 556 4380 14.
576 4325 602 4379 ei
621 4326 663 4391 M,
682 4326 712 4378 et
732 4325 822 4378 FHD
834 4328 844 4394 11
860 4332 900 4379 15.
920 4341 1019 4393 meque
1038 4325 1110 4391 MD,
1132 4340 1222 4393 neque
1242 4324 1305 4378 ΕΗ
1315 4328 1325 4396 1
1340 4332 1385 4384 16,
1406 4346 1482 4384 eom-

195 4397 370 4453 mendationi
388 4399 424 4452 M
448 4401 458 4466 11
486 4403 527 4451 17.
546 4397 608 4467 ille]
632 4395 682 4449 illo
704 4396 763 4450 ΨΡ
789 4399 798 4465 11
825 4402 867 4450 20.
887 4396 913 4449 ei
933 4396 978 4464 M,
1005 4398 1035 4452 et
1054 4396 1145 4450 FHD
1171 4398 1181 4466 11
1207 4402 1249 4451 20.
1269 4402 1312 4451 21.
1333 4402 1365 4453 et
1384 4403 1482 4455 tamen

196 4471 404 4524 adulescentem
423 4485 513 4522 essem
532 4469 694 4522 cohortatus
714 4467 805 4520 FHI)
826 4470 980 4536 (percuteres
1002 4469 1153 4522 Cratander
1170 4473 1195 4523 et
1213 4469 1270 4522 cod.
1290 4469 1389 4526 Paris.
1412 4477 1481 4526 7783

195 4549 220 4596 et
239 4546 323 4595 14761
342 4573 372 4580 -
389 4543 420 4593 iu
438 4543 495 4594 eod.
517 4541 646 4594 Cenour'c.
666 4544 718 4592 210
737 4557 777 4607 ep.
792 4538 868 4604 XIII,
886 4544 931 4607 76,
948 4544 961 4592 1
980 4538 1085 4604 -XV,
1102 4543 1146 4607 1³,
1163 4544 1178 4591 ‘1
1198 4541 1321 4620 desunt),
1345 4543 1481 4597 cohorta-

157 4659 160 4664 .
195 4614 241 4666 tus
260 4613 372 4681 1111112.
391 4614 487 4666 tuetur
505 4612 542 4665 M
552 4615 561 4681 11
576 4609 750 4664 admonitum
771 4609 835 4663 ΕΗ
848 4611 858 4678 11
881 4615 923 4664 27,
943 4608 1049 4663 iudicia
1068 4609 1132 4663 ΕΗ
1151 4612 1160 4679 11
1183 4616 1225 4665 28.
1245 4610 1469 4669 manifestarum

195 4683 347 4738 manifesta
360 4684 454 4755 Kleya
471 4685 513 4754 (p.
529 4687 575 4753 20)
594 4691 619 4738 et
633 4683 744 4766 Sterder
763 4683 871 4753 (‘symt.
886 4683 958 4737 erit'
975 4701 1005 4751 p.
1021 4684 1073 4751 30),
1093 4683 1157 4747 sort.
1171 4688 1240 4738 reete
1253 4684 1262 4751 11
1277 4687 1320 4738 29.
1341 4684 1384 4756 ei]
1405 4686 1426 4740 ii
1476 4730 1483 4758 ,

664 4773 673 4807 1

196 4805 226 4860 hi
245 4808 336 4862 FHD
348 4810 359 4877 11
372 4813 414 4863 30.
434 4825 507 4876 quae
527 4809 599 4876 MD,
619 4825 673 4897 quq
692 4807 715 4877 (i
733 4825 751 4861 α
769 4824 803 4860 an.
819 4808 846 4875 1)
865 4806 904 4875 H,
923 4805 972 4875 qui
992 4805 1022 4861 F
