3314 5460
491 108 747 164 EPISTVLARVM
764 110 797 164 v.
819 115 860 165 1v.
881 117 922 165 1s.
945 117 984 165 ro.
1313 112 1374 177 121

33 269 230 365 plurimi
249 271 396 336 homines
418 272 623 337 nobilissimi.
660 297 699 339 ea
717 274 854 359 denique
877 274 1005 340 videtur
1024 276 1171 342 condicio
1191 277 1376 360 impendere

35 388 221 468 legum,
250 378 457 461 iudiciorum,
483 384 682 465 temporum,
710 385 747 445 ut
775 381 897 465 optime
925 387 1035 447 actum
1059 405 1132 448 cum
1161 407 1199 449 eo
1228 385 1376 449 videatur

36 510 153 555 esse
163 537 184 569 ,
211 485 266 569 qui
290 508 388 570 quam
411 485 578 552 levissima
599 509 705 571 poena
727 487 769 552 ab
796 488 859 554 hac
882 512 916 554 re
939 512 970 573 p.
994 489 1188 556 discesserit.
1231 495 1266 555 tu
1290 508 1411 575 vcro,2

39 596 115 681 qui
170 596 211 656 et
232 592 382 657 fortunas
410 598 444 658 et
470 594 592 658 liberos
619 595 741 659 habeas
770 599 804 660 et
831 618 890 661 nos
921 600 1110 681 ceterosque
1138 599 1375 663 necessitudine

14 708 84 765 set
109 699 375 765 benevolentia
393 704 501 765 tecum
516 701 810 784 coniunctissimos
832 725 994 787 quomque
1014 725 1167 789 magnam
1185 705 1376 770 facultatem

45 808 103 871 sis
146 806 341 871 habiturus
360 807 531 872 nobiscum
554 813 588 872 et
611 831 685 874 cum
709 809 860 874 omnibus
884 810 951 874 tuis
969 810 1107 895 vivendi,
1130 816 1257 877 etcum
1276 835 1376 877 unum

48 914 103 977 sit
152 913 326 978 iudicium
354 935 392 978 ex
420 918 488 978 tam
512 914 639 1000 multis,
669 916 756 1000 quod
784 917 1011 1001 reprendatur,
1037 922 1075 982 ut
1103 919 1188 1003 quod
1215 942 1280 984 una
1308 943 1376 984 sen·

50 1021 202 1085 tentia
224 1043 326 1106 eaque
349 1021 449 1085 dubia
470 1023 638 1106 potentiae
662 1023 799 1088 alicuius
823 1024 1042 1088 condonatum
1066 1023 1286 1111 existimetur,
1311 1050 1376 1091 om·

52 1127 194 1191 nibus
217 1128 268 1192 his
297 1129 336 1192 de
365 1129 471 1193 causis
499 1129 597 1194 debes
625 1129 724 1194 istam
752 1130 936 1195 molestiam
965 1153 1062 1215 quam
1090 1132 1256 1197 lenissime
1283 1133 1376 1197 ferre.

13 1250 41 1289 ιο
56 1255 189 1298 meus
216 1236 345 1300 animus
370 1234 433 1298 erit
456 1236 489 1299 in
512 1239 545 1300 te
569 1235 754 1320 liberosque
782 1241 856 1302 tuos
885 1259 1026 1322 semper,
1054 1261 1150 1322 quem
1174 1242 1211 1302 tu
1234 1260 1304 1303 esse
1327 1240 1377 1304 vis

59 1343 101 1401 et
134 1342 210 1425 qui
234 1364 305 1407 esse
329 1341 434 1406 debet.

626 1503 712 1568 xm
745 1501 849 1591 (163.)

582 1645 742 1713 cronno
767 1607 895 1714 nvnc.

186 1787 259 1853 Etsi
289 1789 370 1854 mihi
398 1811 576 1874 numquam
599 1789 734 1854 dubium
756 1789 834 1872 fnit,
865 1789 943 1872 quin
967 1789 1029 1855 tibi
1053 1813 1157 1855 essum
1181 1791 1411 1874 carissimus,1

38 1896 67 1934 ¹⁵
85 1887 209 1958 tamen
231 1894 349 1960 cotidie
374 1897 479 1982 magis
499 1897 532 1962 id
551 1893 720 1982 perspicio,
745 1900 898 1981 extatque
918 1895 959 1979 id,
983 1898 1069 1980 quod
1089 1897 1171 1961 mihi
1190 1899 1378 1962 ostenderas
1407 1926 1412 1932 ·

90 1996 293 2071 quibusdam
315 2002 452 2087 litteris,
479 2004 542 2068 hoc
565 2008 598 2067 te
622 2003 854 2068 studiosiorem
877 2003 910 2066 in
935 2025 985 2068 me
1010 2004 1144 2069 colendo
1167 2004 1252 2088 fore,
1280 2028 1378 2088 quam

93 2091 135 2159 ill
160 2109 322 2189 provincia
349 2108 469 2196 fuisses
490 2145 529 2156 -
550 2110 613 2175 etsi
637 2132 709 2175 meo
738 2110 857 2175 iudicio
886 2107 969 2173 nihil
992 2111 1032 2175 ad
1057 2115 1149 2174 tuum
1179 2111 1377 2194 provinciale

98 2202 242 2279 officium
271 2216 345 2281 addi
372 2220 484 2300 potest
510 2253 564 2299 -,
594 2240 658 2302 quo
686 2216 822 2282 liberius
850 2216 1006 2282 iudicium
1035 2239 1105 2282 esse
1132 2222 1247 2301 posset
1276 2222 1377 2282 tuum.

98 2301 210 2402 itaque
231 2344 282 2387 me
307 2327 342 2387 et
364 2323 548 2406 superiores
573 2324 703 2389 litterae
727 2328 803 2388 tuae
827 2324 1001 2388 admodum
1025 2323 1280 2407 delectaverunt,
1311 2323 1379 2408 qui-

43 2408 80 2451 ω
100 2404 171 2488 bus
193 2435 222 2493 et
247 2433 473 2513 exspectatum
502 2453 610 2495 meum
638 2431 811 2496 adventum
841 2430 899 2494 abs
927 2435 960 2494 te
989 2434 1137 2495 amanter
1165 2429 1314 2494 videbam
1337 2435 1379 2514 et,

94 2534 179 2596 eum
201 2536 297 2601 aliter
323 2558 377 2601 res
406 2535 576 2611 cecidisset
605 2559 642 2602 ac
670 2542 832 2622 putasses,
863 2542 895 2602 te
924 2559 997 2602 meo
1021 2536 1158 2602 consilio
1182 2557 1378 2622 magnopere

92 2640 176 2736 {See
200 2642 373 2726 laetatum,
405 2647 438 2708 et
466 2643 518 2708 bis
544 2644 704 2728 proximis
737 2644 858 2708 litteris
892 2664 1048 2728 magnum
1076 2643 1147 2728 cepi
1174 2643 1319 2708 fructum
1346 2648 1380 2708 ct

88 2745 211 2812 1udicii
233 2754 266 2814 et
286 2749 387 2815 officii
406 2749 468 2814 tui:
491 2749 612 2835 iudicii,
636 2751 722 2834 quod
740 2750 898 2835 intellego
919 2755 961 2835 te,
985 2750 1017 2814 id
1037 2749 1122 2834 quod
1144 2772 1255 2814 omnes
1274 2749 1378 2815 fortes

84 2854 144 2910 ⁸0
167 2853 236 2920 boni
255 2857 318 2921 viri
337 2856 442 2922 facere
461 2857 589 2941 debent,
611 2857 694 2922 nihil
718 2861 833 2941 putare
855 2857 936 2922 utile
960 2880 1041 2943 esse,
1063 2857 1128 2921 nisi
1146 2858 1234 2941 quod
1253 2862 1378 2924 rectum

23 2937 62 2983 ξ
83 2937 336 3048 llonestumque
364 2963 424 3050 sit3
457 2963 573 3048 officii,
607 2963 691 3048 quod
721 2969 754 3028 te
785 2985 928 3048 mecum,
961 2965 1186 3049 quodcumque
1219 2963 1377 3048 cepissem

78 3068 241 3155 consilii,
272 3071 439 3156 polliceris
472 3071 558 3153 fore,
590 3094 655 3156 qno
687 3094 791 3156 neque
825 3071 905 3135 mihi
939 3072 1066 3157 gratius
1098 3093 1219 3155 neque,
1251 3081 1289 3134 ut
1317 3092 1378 3156 ego

76 3170 247 3262 arbitror,
270 3177 333 3242 tibi
356 3178 526 3244 honestius
550 3200 621 3243 esse
645 3177 819 3263 quicquam
845 3182 963 3262 potest.
1005 3177 1282 3241 mihi-consilium
1306 3195 1414 3261 cap-a
1465 3223 1467 3229 ,

78 3267 175 3343 lum
189 3283 308 3349 iamdiu
326 3289 386 3369 est,
409 3285 448 3349 de
472 3307 536 3369 quo
561 3286 601 3350 ad
625 3290 667 3369 te,
688 3308 756 3350 non
779 3308 843 3371 quo
863 3284 1016 3350 celandus
1036 3306 1133 3365 esses,
1156 3282 1238 3347 nihil
1258 3283 1375 3366 scripsi

74 3390 208 3474 anua,
235 3392 290 3456 sed
315 3391 393 3475 quia
415 3391 667 3457 communicatio
692 3392 820 3457 consilii
844 3391 904 3455 tali
927 3394 1074 3474 tempore
1099 3391 1192 3473 quasi
1216 3389 1374 3473 quaedam

11 3476 62 3571 ‚²⁰
76 3484 275 3562 admonitio
303 3497 432 3563 videtur
461 3520 530 3563 esse
562 3497 662 3563 officii
689 3499 740 3563 vel
769 3499 879 3583 potius
902 3497 1099 3582 efflagitatio
1128 3498 1168 3560 ad
1197 3495 1375 3560 coeundam

74 3597 287 3669 80<3ietatem
315 3604 366 3669 vel
394 3605 531 3690 periculi
554 3605 605 3669 vel
634 3604 769 3688 laboris3
798 3627 871 3670 cum
901 3626 976 3668 vero
1000 3625 1038 3668 ea
1062 3609 1118 3667 tna
1143 3603 1187 3668 sit
1214 3602 1375 3684 voluntas,

72 3685 291 3792 humanitas,
313 3711 535 3777 benivolentia
553 3733 631 3797 erga
651 3733 710 3794 me,
734 3711 874 3776 libenter
897 3711 1078 3795 amplector
1096 3711 1196 3775 talem
1220 3709 1374 3794 animum,

68 3805 160 3868 led
182 3815 225 3882 ita
244 3856 286 3864 —
305 3841 373 3884 non
400 3819 488 3883 enim
514 3818 679 3883 dimittam
709 3818 866 3901 pudorem
893 3819 927 3881 in
956 3816 1101 3902 rogando
1130 3839 1237 3881 meum
1264 3839 1317 3879 -ε
1346 3817 1373 3880 si

64 3896 209 3986 feceri„
233 3924 280 4007 id,
305 3925 391 4008 quod
415 3924 574 4008 ostendis,
602 3945 755 4010 magnam
780 3923 907 3988 habebo
931 3924 1086 4009 gratiam,
1110 3924 1225 3988 sinon
1249 3923 1375 4008 feceris,

85 4026 112 4033 Ἣ
119 4032 308 4059 χ*-

182 4122 207 4171 2.
226 4120 386 4186 temporum
404 4119 567 4173 statuorum
587 4118 633 4171 M¹
652 4120 661 4186 11
681 4123 705 4171 4.
726 4115 840 4170 fortuna
858 4118 886 4172 R
904 4120 912 4186 11
932 4122 955 4171 ὁ.
975 4116 1165 4170 iunctissimos
1187 4115 1241 4170 GR
1255 4118 1264 4183 11
1278 4134 1374 4184 quom-

51 4169 160 4273 ΨΒ]
178 4205 322 4257 quamque
336 4189 407 4256 MR,
427 4206 599 4258 quamquam
616 4188 650 4254 G,
668 4205 787 4256 cumque
801 4206 817 4246 ς
832 4190 841 4257 11
856 4194 879 4242 t.
899 4188 938 4241 sis
955 4189 1017 4255 GR,
1038 4187 1061 4239 si
1077 4188 1112 4240 M
1123 4191 1132 4256 11
1147 4186 1269 4258 <tuum>
1290 4205 1375 4240 unum

46 4255 267 4352 pacientem,
286 4277 371 4313 unum
391 4259 512 4333 (tuum)
530 4261 794 4330 niarium-Lapersa
817 4263 826 4328 11
850 4265 872 4312 t.
892 4258 1113 4328 reprehendatur
1133 4259 1187 4312 GR
1205 4261 1215 4327 11
1233 4265 1257 4312 8.
1277 4260 1374 4327 poten·

43 4357 97 4413 31-
146 4321 178 4375 Ω
202 4334 212 4400 11
236 4336 260 4384 9.
280 4330 326 4384 his
349 4349 400 4386 om.
421 4332 447 4386 G
469 4335 478 4401 11
501 4331 644 4386 lenissime
668 4333 720 4385 alii
742 4334 751 4399 11
776 4335 816 4384 10.
837 4330 904 4402 <is>
931 4330 985 4383 erit
1003 4331 1101 4383 Baiter
1123 4332 1131 4397 11
1155 4335 1196 4382 13.
1218 4328 1313 4383 Cicero
1332 4331 1374 4398 M,

40 4385 197 4484 „mero
222 4402 263 4470 R,
291 4401 329 4457 M.
353 4400 393 4456 ci,
419 4404 444 4458 G
471 4406 480 4470 11
509 4408 550 4457 18.
574 4420 629 4470 quo
653 4403 727 4469 ΜΘ,
752 4402 827 4469 quod
850 4403 878 4456 R
901 4403 910 4467 11
933 4403 1007 4454 esset
1030 4402 1065 4454 M
1086 4404 1095 4469 11
1117 4404 1197 4453 tuum
1220 4418 1272 4455 orn.
1298 4403 1374 4457 GR*

40 4466 102 4553 37·
144 4474 259 4544 11lagno
278 4489 361 4542 opere
381 4489 397 4531 ς
420 4476 429 4543 11
452 4479 494 4528 22.
515 4473 605 4528 ethis
624 4475 665 4540 M,
685 4491 719 4526 ex
737 4472 781 4526 his
803 4474 869 4540 GR,
889 4475 918 4524 et
936 4471 1012 4543 (ex)
1031 4471 1074 4523 his
1090 4471 1353 4544 Marmei-Locusta
1366 4478 1375 4544 1

41 4535 54 4550 ”
90 4552 103 4563 ·
138 4542 305 4613 quicquam
322 4561 373 4601 om.
393 4545 441 4615 611
454 4546 549 4616 potest
567 4563 616 4602 οηι.
636 4546 687 4614 Ru
701 4551 744 4600 34.
763 4544 886 4615 habebo]
906 4542 1010 4597 habere
1029 4545 1056 4595 a
