3286 5460
486 364 742 420 EPISTVLARVM
760 367 792 422 x.
814 373 856 422 21.
876 373 933 424 21⁸.
953 373 994 424 aa.
1315 371 1377 435 261

102 527 197 593 vobis
224 527 370 612 paratior
396 527 461 593 fuit
491 529 672 614 quisquam.
718 553 817 614 quare
844 531 959 597 hortor
987 537 1033 617 te,
1064 533 1108 598 mi
1137 532 1264 620 Cicero,
1294 558 1380 601 exer-

103 633 205 700 citum
228 633 291 700 hoc
315 634 528 701 traiciendum
549 659 646 721 quam
664 638 806 722 primum
824 660 916 704 cures
940 644 972 704 et
996 645 1149 728 matures,
1171 642 1262 727 prius
1282 666 1380 727 quam

101 741 215 806 hostes
239 743 344 826 magis
367 745 624 809 conroborentur
642 749 676 809 ct
694 746 799 809 nostri
818 747 1062 830 perturbentur:
1086 748 1203 834 inquo
1223 749 1250 814 si
1270 751 1380 819 celeri·

104 852 154 913 tas
182 847 246 913 erit
272 848 434 936 adhibita,
461 873 565 935 resp.
589 851 623 915 in
650 852 856 935 possessione
884 853 1041 919 victoriae
1068 854 1184 921 deletis
1212 857 1379 922 sceleratis

78 957 316 1040 opermanebit.
361 956 413 1022 fac
435 958 543 1023 valeas
567 980 682 1042 meque
706 958 832 1045 diligas.

608 1187 736 1271 (xxo.
769 1188 871 1275 (394.)

506 1348 708 1416 pusnovo
732 1349 976 1435 brennone>

191 1491 340 1557 Fratrem
364 1515 472 1558 meum
495 1493 571 1577 tibi,
593 1492 810 1558 fortissimum
834 1494 936 1558 civem
960 1499 993 1559 et
1016 1496 1056 1559 ad
1080 1495 1189 1560 omnia
1212 1497 1413 1578 paratissit

101 1622 205 1681 mum,
236 1621 385 1664 excusem
414 1599 555 1665 litteris?
593 1599 648 1684 qui
677 1622 715 1664 ex
743 1599 854 1665 labore
882 1599 917 1665 in
942 1599 1136 1666 febriculam
1159 1601 1274 1668 incidit
1302 1606 1379 1671 assi-

59 1730 88 1769 10
101 1706 197 1770 duam
221 1711 255 1772 et
278 1706 359 1770 satis
382 1706 564 1771 molestam.
606 1706 839 1792 cumprimum
862 1708 995 1793 poterit,
1020 1708 1103 1773 istoc
1126 1731 1290 1776 recurrere
1314 1735 1379 1777 non

101 1811 280 1898 dubitabit,
311 1835 351 1878 ne
384 1834 449 1898 quo
479 1814 551 1879 loco
580 1816 627 1878 rei
655 1836 684 1898 p.
713 1813 806 1879 desit.
851 1837 957 1879 meam
991 1816 1185 1901 dignitatem
1217 1841 1379 1884 commen·

100 1920 211 1984 datam
237 1918 372 2004 habeas,
400 1941 490 2007 rogo.
536 1921 762 2005 concupiscere
790 1944 841 1985 me
868 1920 950 1986 nihil
980 1927 1123 2008 oportet,
1151 1924 1255 1989 habeo
1284 1929 1318 1990 te
1346 1929 1379 1990 et

99 2026 362 2092 amantissimum
385 2028 449 2091 mei
472 2032 514 2112 et,
538 2029 625 2111 quod
644 2028 763 2112 optavi,
787 2049 931 2093 summae
951 2029 1170 2096 auctoritatis:
1195 2035 1230 2095 tu
1251 2032 1378 2130 uideris,

99 2137 258 2217 quantum
286 2138 320 2198 et
347 2135 475 2219 quando
504 2139 596 2199 tuum
625 2156 742 2199 munus
771 2136 855 2220 apud
884 2158 934 2200 me
963 2136 1042 2200 velis
1071 2158 1155 2222 esse,
1188 2143 1317 2203 tantum
1344 2143 1377 2204 te

50 2263 82 2304 ιε
96 2261 188 2326 rogo,
210 2241 245 2305 in
268 2239 370 2306 Hirtii
393 2241 500 2307 locum
524 2263 576 2306 me
599 2242 718 2306 subdas
742 2246 778 2327 et
799 2243 839 2306 ad
863 2246 957 2308 tuum
984 2265 1127 2309 amorem
1151 2249 1185 2310 et
1208 2246 1247 2310 ad
1272 2268 1377 2311 meam

96 2348 347 2413 observantiam.

615 2488 720 2554 xxii.
756 2488 861 2576 (424.)

554 2629 714 2698 cronno
739 2630 922 2698 acinco,

185 2775 224 2840 In
247 2780 280 2841 te
304 2780 338 2841 et
360 2775 395 2839 in
418 2775 544 2862 collega
563 2774 669 2840 omnis
694 2797 768 2859 spes
792 2778 843 2838 est
866 2775 915 2838 dis
940 2774 1205 2858 adprobantibus.
1247 2794 1411 2841 concor-1

53 2879 150 2948 nodia
177 2887 300 2968 vestra,
331 2905 414 2968 quae
443 2882 569 2948 senatui
597 2882 761 2947 declarata
790 2882 910 2946 litteris
939 2882 1057 2947 vestris
1087 2887 1150 2968 est,
1181 2882 1316 2948 mirifice
1345 2889 1378 2948 et

97 2996 228 3056 senatus
257 2995 291 3055 et
317 2994 435 3057 cuncta
465 2989 580 3055 civitas
612 2989 772 3054 delectata
799 2993 857 3054 eat.
902 2990 1020 3074 †quod
1048 2989 1089 3053 ad
1117 3011 1169 3054 me
1197 2990 1409 3073 scripserasa

97 3098 135 3162 de
164 3120 198 3163 re
227 3097 370 3182 agraria,
398 3098 427 3161 si
454 3096 622 3162 consultus
651 3100 783 3161 senatus
812 3100 912 3180 esset,
940 3100 977 3160 ut
1006 3096 1142 3180 quisque
1166 3095 1379 3161 honorificen-

97 3204 259 3270 tissimam
284 3205 322 3268 dc
347 3208 379 3268 te
403 3203 596 3268 sententiam
627 3203 777 3289 dixisset,
804 3224 875 3267 eam
904 3207 1034 3267 secutus
1062 3225 1181 3287 essem,
1209 3203 1265 3289 qui
1288 3208 1376 3269 certe

98 3334 158 3399 ego
178 3312 327 3393 fuissem,
351 3311 417 3393 sed,
440 3313 574 3395 propter
593 3310 783 3376 tarditatem
805 3309 1042 3374 sententiarum
1062 3333 1251 3395 moramque
1270 3333 1379 3375 rerum

61 3440 85 3479 n
98 3442 171 3485 cum
200 3441 250 3502 ea,
279 3441 361 3504 quae
391 3418 657 3500 consulebantur,
685 3415 725 3480 ad
753 3417 875 3480 exitum
899 3438 965 3481 non
989 3416 1208 3502 pervenirent,
1236 3439 1378 3482 commo·

98 3526 269 3591 dissimum
297 3524 377 3589 mihi
405 3524 590 3609 Plancoque
623 3524 717 3588 fratri
750 3523 889 3587 visumst
917 3522 966 3587 uti
996 3544 1047 3605 eo,
1081 3524 1168 3606 quod
1195 3546 1235 3587 ne
1263 3528 1378 3588 nostro

99 3632 259 3696 arbitratu
293 3635 546 3716 conponeretur,
579 3631 651 3716 quis
684 3629 785 3694 fuerit
818 3629 1066 3713 impedimenta,
1100 3627 1243 3693 arbitror
1274 3633 1308 3692 te
1340 3652 1377 3693 ex

186 3830 212 3879 2.
230 3823 285 3879 hoc
303 3825 381 3891 ΜΗ,
405 3823 460 3878 huc
484 3842 521 3878 an
544 3823 597 3877 hoc
615 3824 647 3876 tn
664 3822 695 3877 D
712 3823 748 3876 eit
766 3839 823 3877 non
846 3821 930 3891 liquet
955 3823 965 3890 11
993 3825 1017 3875 t.
1037 3820 1179 3891 excusem]
1203 3836 1303 3874 excuse
1323 3821 1378 3890 M¹‚

98 3912 212 3952 excuses
236 3898 299 3964 w,
327 3912 431 3950 excusa
455 3896 522 3950 HD.
553 3899 641 3965 potest
663 3895 724 3961 (ieri
746 3900 778 3949 at
802 3908 903 3948 excuso
924 3925 954 3931 —
976 3895 1016 3946 ita
1040 3894 1096 3946 iam
1120 3909 1136 3950 ς
1157 3923 1187 3930 -
1207 3893 1380 3948 scribendam

97 3971 133 4024 sit
155 3986 217 4024 enm
240 3968 346 4023 Kocbc'o
371 3968 483 4036 (Philet.
503 3968 572 4021 Ans.
592 3964 662 4033 Vp.
679 3968 758 4034 161):
788 3971 877 4020 tanwn
900 3982 933 4019 ne
956 3965 1126 4034 sicquidem
1147 3995 1177 4002 -
1197 3965 1270 4033 qnod
1292 3964 1380 4020 coluit

98 4039 142 4094 ille
162 4070 195 4078 -
214 4041 323 4110 eipmnn
343 4040 533 4109 intermeandi
556 4037 703 4091 tollendam
726 4042 804 4103 esset,
826 4038 872 4091 aad
891 4036 1051 4106 putandam
1074 4036 1211 4090 Plancum
1234 4052 1306 4090 neore
1325 4053 1378 4090 eer-

98 4113 185 4166 mcnt'e
207 4111 361 4176 familiaria
384 4111 534 4164 indicativo
555 4125 645 4177 praes.
664 4114 742 4177 temp.
761 4124 841 4162 mam
863 4125 916 4162 esee
935 4125 989 4177 pro
1012 4108 1185 4162 conirnwtr'oo
1204 4108 1379 4175 dubitativo:

99 4188 138 4236 10.
159 4181 233 4235 istoc
251 4181 297 4249 M,
321 4181 396 4235 istuc
415 4181 477 4234 HD
503 4183 512 4249 n
541 4186 581 4234 11.
603 4177 748 4232 dubitauit
766 4179 804 4232 M
828 4183 837 4248 ΙΙ
865 4183 906 4233 12.
931 4176 1002 4232 nihil
1021 4194 1065 4231 ms
1085 4178 1119 4231 H
1143 4182 1152 4246 [Ι
1179 4183 1220 4232 23.
1241 4184 1378 4247 cornipeta.

99 4251 224 4321 dimanet,
243 4251 293 4321 qui
312 4268 375 4307 eam
394 4255 506 4306 secutus
526 4253 599 4305 esset
617 4253 718 4319 (essem
738 4251 847 4306 Kranae
869 4249 936 4305 ‘Oia
954 4269 994 4320 ep.
1015 4249 1074 4304 em.’
1092 4268 1121 4319 p.
1137 4253 1182 4313 31)
1201 4251 1276 4303 certe
1292 4250 1378 4305 Grae·

99 4326 172 4392 aias,
199 4341 257 4379 nort
279 4330 357 4379 recte.
394 4325 437 4378 nil
459 4325 515 4378 nni
538 4324 613 4376 esset
635 4324 846 4391 (incenatus)
865 4340 918 4391 pro
942 4337 1032 4375 essem
1054 4339 1122 4377 corr.
1148 4321 1243 4391 Klepn
1269 4323 1309 4390 (p.
1327 4322 1377 4445 lap.

98 4397 142 4450 aed
160 4413 222 4451 cnm
240 4397 381 4451 siccante
399 4394 485 4464 quic.
501 4393 655 4448 afuissem
674 4394 846 4461 offensionum
864 4395 991 4460 babeant,
1009 4393 1180 4448 scribendam
1195 4397 1277 4460 puta:
1297 4408 1379 4459 esse,

99 4465 128 4520 in
145 4465 217 4535 quis.
237 4468 317 4522 onias
336 4468 482 4522 locationis
499 4466 620 4534 exetnpla
639 4483 663 4520 a.
682 4465 759 4534 apud
774 4464 920 4519 Heredium
937 4465 1015 4518 ane.
1031 4464 1069 4518 III
1085 4483 1113 4534 p.
1129 4467 1189 4529 252,
1207 4465 1380 4531 pronominis

98 4539 201 4604 formae
224 4556 269 4607 ap.
293 4538 415 4592 Neainm
439 4538 589 4593 ‘Forneent
613 4538 639 4591 d.
664 4538 711 4590 lat.
731 4536 804 4606 Spr!
825 4535 869 4589 11²
889 4554 918 4604 p.
934 4540 986 4588 234
1011 4541 1037 4590 et
1060 4534 1235 4602 Wdlsttinam
1258 4535 1295 4588 ad
1319 4535 1377 4589 bell.

99 4609 161 4676 Asr.
182 4614 225 4677 96,
240 4614 265 4662 2.
284 4610 400 4679 deniqne
419 4628 452 4664 ne
471 4611 502 4663 tn
519 4609 693 4664 collocatione
712 4609 852 4663 nerborm
870 4608 993 4674 offendas
1008 4638 1039 4644 —
1059 4608 1180 4673 forsitan
1198 4608 1380 4730 expectaveris

100 4680 225 4748 dixisset,
245 4679 357 4748 inquis
377 4698 398 4734 c.
415 4698 438 4735 c.
453 4680 482 4749 f,
502 4697 564 4734 eam
584 4695 636 4733 sec.
658 4680 732 4732 esset
748 4711 789 4745 -‚
809 4682 843 4744 cs.
863 4679 985 4747 exempla
1004 4679 1038 4731 ab
1053 4677 1090 4731 H.
1103 4676 1228 4732 Hellmnt
1246 4678 1273 4731 io
1285 4695 1378 4746 propr.

99 4752 271 4881 mactare
292 4757 361 4877 188?
376 4771 406 4822 p.
423 4757 455 4805 16
475 4753 584 4808 collecta
605 4753 614 4818 ΙΙ
634 4755 677 4805 26.
697 4749 789 4805 uisum
808 4751 852 4804 est
870 4748 932 4804 HD
949 4753 959 4817 n
976 4751 1023 4819 οο]
1042 4764 1075 4802 eo
1095 4747 1138 4818 <a
1158 4747 1202 4820 c.)
1222 4748 1379 4815 Manutius,

160 4841 209 4881 .s.
229 4839 252 4878 c.
275 4825 360 4879 Oceli
