3314 5460
616 354 873 411 EPISTVLARVM
891 355 925 411 ΙΙ.
944 361 969 411 3.
988 362 1013 411 4.
1033 361 1057 411 6.
1437 357 1477 420 31

196 515 360 600 absentis,
394 517 421 580 si
454 517 532 602 quid
565 522 664 602 esset,
696 518 783 603 quod
814 540 868 583 eos
902 519 983 584 scire
1016 524 1074 584 aut
1105 523 1217 585 nostra
1245 523 1302 584 aut
1333 519 1479 603 ipsorum

197 618 388 688 interesset:
410 622 507 689 huius
531 623 660 710 generis
683 624 811 690 litteras
835 648 854 689 a
877 648 928 690 me
951 625 1097 710 profecto
1121 647 1187 690 non
1209 630 1373 710 expectas3
1396 626 1481 710 †do

199 729 412 794 masticamm
437 728 523 794 enim
543 734 671 795 tuarum
692 731 777 795 enim
803 754 912 796 rerum
931 732 1182 797 domesticarum
1205 733 1306 797 habes
1330 737 1364 796 et
1382 731 1480 817 scrip·

204 835 291 900 iores
315 841 349 901 et
371 835 513 919 nuntios,
537 836 571 901 in
595 837 675 902 meis
699 842 809 902 autem
832 839 929 904 rebus
952 838 1035 903 nihil
1059 843 1110 904 est
1134 861 1210 904 sane
1234 838 1318 903 novi.
1355 838 1481 922 reliqua

183 947 278 1007 nunc
301 943 516 1027 epistolarum
539 965 659 1030 genera
682 945 759 1029 duo,
782 967 863 1029 quae
887 968 939 1011 me
962 967 1158 1033 magnopere
1181 945 1357 1030 delectant,
1380 968 1480 1010 unum

208 1042 362 1114 familiare
391 1055 424 1114 et
450 1052 609 1135 iocosum,
638 1052 777 1117 alterum
805 1075 951 1118 severum
981 1056 1014 1117 et
1041 1074 1147 1139 grave.
1188 1056 1263 1117 utro
1292 1074 1343 1115 me
1372 1051 1480 1115 minus

213 1150 313 1220 deceat
336 1157 401 1242 uti,
427 1180 491 1222 non
520 1158 685 1244 intellego.
723 1159 850 1225 iocerne
878 1163 985 1225 tecum
1015 1181 1072 1243 per
1101 1158 1253 1223 litteras?
1290 1158 1393 1223 civem
1416 1180 1480 1222 me

216 1256 331 1328 hercule
354 1286 421 1328 non
438 1268 519 1348 puto
539 1286 618 1349 esse,
641 1264 697 1347 qui
721 1264 923 1348 temporibus
942 1264 994 1328 his
1014 1264 1117 1329 ridere
1136 1264 1251 1348 possit.
1288 1286 1328 1328 an
1348 1263 1480 1348 gravius

124 1354 126 1361 ¹
213 1369 326 1453 aliquid
354 1369 516 1435 scribam?
553 1370 718 1454 quidest,
748 1371 834 1455 quod
857 1371 963 1455 possit
992 1370 1137 1455 graviter
1159 1392 1179 1433 a
1201 1368 1356 1436 Cicerone
1380 1370 1480 1434 scribi

177 1476 245 1541 ¹⁰ad
269 1473 454 1560 Curionem,
483 1477 547 1541 nisi
575 1477 613 1541 de
637 1498 671 1541 re
698 1478 851 1561 publica?
889 1477 979 1561 atqui
1006 1478 1041 1540 in
1067 1476 1130 1541 hoc
1158 1497 1274 1562 genere
1302 1476 1381 1541 haec
1409 1499 1481 1540 mea

199 1587 386 1667 causaest,
413 1588 451 1648 ut
490 1605 508 1644 s
554 1606 570 1643 s
616 1606 633 1643 i
674 1605 779 1668 neque
803 1606 852 1669 ea,
877 1605 959 1667 quae
982 1605 1048 1648 non
1072 1583 1186 1666 sentio,
1209 1582 1307 1647 velim
1330 1583 1480 1648 scribere.

191 1690 428 1777 quamobrem,
456 1689 611 1773 quoniam
634 1688 715 1753 mihi
737 1688 863 1755 nullum
893 1688 1054 1755 scribendi
1078 1693 1307 1775 argumentum
1330 1689 1479 1753 relictum
1498 1704 1513 1753 2

182 1802 274 1878 est,
295 1801 368 1861 utar
390 1818 429 1860 ea
451 1796 609 1880 clausula,
637 1818 701 1880 qua
725 1797 828 1880 soleo,
856 1801 952 1880 teque
976 1796 1015 1860 ad
1040 1795 1184 1860 studium
1207 1818 1352 1861 summae
1375 1796 1480 1860 laudis

177 1903 414 1988 cohortabor3
446 1907 496 1967 est
523 1903 609 1968 enim
637 1903 698 1968 tibi
729 1902 839 1988 gravis
871 1903 1056 1967 adversaria
1088 1902 1269 1968 constituta
1297 1909 1330 1968 et
1356 1908 1480 1988 persta,

141 2009 402 2074 1⁵iucredibilis
431 2010 589 2094 quaedam
617 2009 815 2094 expectatio,
845 2032 943 2093 quam
971 2013 1008 2073 tu
1035 2032 1100 2073 una
1122 2031 1156 2073 re
1179 2009 1333 2074 facillime
1362 2010 1481 2092 vinces,

173 2118 203 2180 si
253 2114 316 2181 boc
338 2117 511 2201 statueris,
533 2138 670 2199 quarum
694 2117 826 2181 laudum
850 2116 990 2203 gloriam
1014 2115 1189 2198 adamatis,
1213 2116 1331 2200 quibus
1355 2116 1480 2180 artibus

173 2243 265 2285 eae
289 2222 391 2288 laudes
420 2227 665 2308 comparantur,
691 2222 795 2287 ineis
820 2245 891 2287 esse
918 2222 1141 2288 laborandum.
1179 2223 1212 2286 in
1239 2221 1322 2287 hanc
1351 2227 1479 2287 senten·

173 2326 292 2391 tiam
310 2331 482 2395 scriberem
504 2331 611 2414 plura,
638 2330 702 2394 nisi
726 2333 759 2393 te
783 2333 840 2393 tua
864 2334 980 2414 sponte
1004 2330 1085 2394 satis
1115 2329 1288 2394 incitatum
1312 2351 1383 2394 esse
1408 2351 1480 2392 con·

176 2430 348 2520 fiderem,
375 2442 408 2500 et
434 2437 508 2520 hoc,
542 2436 695 2521 quicquid
723 2435 835 2522 attigi,
861 2458 926 2500 non
953 2436 1016 2501 feci
1046 2436 1268 2500 inflammandi
1297 2436 1344 2498 tui
1374 2458 1480 2518 causa,

143 2537 264 2601 need
292 2543 479 2608 testificandi
503 2543 624 2608 amoris
647 2543 720 2607 mei.

764 2720 803 2786 v.
837 2719 919 2808 (cc.)

561 2859 721 2928 cronno
746 2861 779 2929 s.
803 2862 841 2928 n.
866 2862 899 2928 c.
924 2860 1119 2928 cvuronr.

298 3002 378 3071 Haec
395 3005 531 3091 negotia
550 3006 712 3089 quomodo
736 3028 771 3071 se
793 3006 945 3088 habeant,
968 3028 1008 3069 ne
1031 3005 1172 3089 epistola
1198 3004 1328 3088 quidem
1346 3026 1478 3070 narrare
1498 3021 1511 3067 1

202 3102 316 3175 audeo.
350 3112 421 3195 tibi,
444 3113 516 3195 etsi,
539 3111 734 3196 ubicumque
758 3134 802 3196 es,
825 3116 862 3177 ut
886 3110 1002 3195 scripsi
1026 3112 1066 3175 ad
1088 3115 1121 3175 te
1145 3116 1229 3195 ante,
1253 3112 1287 3175 in
1308 3113 1419 3177 eadem
1443 3133 1478 3175 es

175 3213 295 3295 ssavi,
312 3221 426 3302 temen,
449 3218 535 3302 quod
560 3219 650 3300 abes,
673 3218 835 3303 gratulor,
858 3218 908 3281 vel
933 3218 1098 3301 quianon
1121 3218 1210 3283 vides
1233 3240 1280 3301 ea,
1304 3241 1386 3302 quse
1409 3239 1478 3300 nos,

213 3311 264 3374 iel
291 3324 366 3404 quod
394 3323 521 3389 excelso
546 3329 580 3389 et
601 3324 733 3389 inlustri
756 3323 828 3388 loco
857 3324 922 3387 sita
949 3326 1000 3387 est
1021 3323 1093 3388 laus
1117 3329 1175 3388 tua
1201 3324 1235 3387 in
1263 3324 1478 3408 plurimorum

221 3415 249 3475 tl
276 3429 424 3494 sociorum
451 3435 485 3494 st
513 3430 633 3496 civium
665 3433 856 3514 conspectu,
890 3452 971 3514 quae
1000 3431 1039 3494 ad
1067 3452 1127 3495 nos
1157 3452 1216 3496 nec
1249 3432 1387 3496 obscuro
1420 3453 1479 3495 nec

227 3538 412 3564 &-

253 3678 259 3688 ¹
299 3626 317 3675 1.
335 3621 402 3690 quid
422 3622 450 3688 S,
469 3623 544 3690 quod
563 3625 591 3676 o
603 3626 613 3691 ΙΙ
626 3629 651 3679 2.
671 3623 754 3678 huius
770 3623 858 3691 GBS,
876 3623 909 3675 ln
928 3621 1010 3676 huius
1025 3624 1067 3690 M,
1085 3625 1117 3677 tu
1136 3622 1162 3677 h.
1185 3623 1270 3678 Orelli
1282 3625 1291 3690 ΙΙ
1306 3629 1329 3677 2.
1341 3627 1365 3677 3.
1386 3622 1478 3675 dome-

234 3677 336 3745 thesram
353 3692 428 3746 enim
445 3695 558 3747 tuarum
576 3694 652 3749 enim
670 3711 763 3748 rerum
786 3693 1002 3748 domesticanmi
1021 3695 1058 3746 Μ
1078 3693 1305 3762 (domesticarum
1325 3692 1399 3746 enirn
1417 3711 1477 3762 erp.

236 3748 284 3826 ΜΓ),
306 3762 517 3818 domesticarum
541 3765 616 3819 enim
642 3768 755 3819 tuarum
777 3782 869 3819 rerum
897 3764 1065 3819 domesticos
1089 3766 1120 3832 S,
1150 3767 1262 3818 tuarum
1285 3763 1359 3817 enim
1388 3780 1478 3818 rerum

237 3818 418 3906 dioecesum
433 3836 497 3903 GR,
516 3837 628 3890 tuarum
642 3836 716 3890 enim
735 3854 827 3890 rerum
845 3835 1013 3890 domesticos
1033 3836 1150 3890 Ursinus
1163 3839 1173 3905 Η
1187 3841 1210 3889 ὁ.
1230 3852 1333 3905 magno
1349 3852 1473 3904 operes

237 3895 253 3945 ⁶·
265 3914 368 3978 {ocosmn
386 3924 421 3961 en
439 3906 564 3961 locosum
583 3909 640 3976 Μ’,
660 3907 784 3962 ociosum
798 3909 839 3976 811
854 3910 916 3961 utro
935 3924 978 3960 me
998 3908 1026 3974 S,
1045 3909 1077 3959 ut
1094 3923 1189 3960 romae
1204 3907 1246 3973 M,
1264 3909 1297 3959 ut
1315 3924 1390 3960 rome
1406 3907 1460 3960 GR
1472 3910 1480 3975 l

238 3965 373 4047 intelligo
392 3977 421 4043 S,
439 3976 574 4048 intellego
592 3997 626 4032 en
644 3982 688 4032 ·at
706 3980 743 4032 M
746 3980 761 4047 ¹,
782 3981 824 4032 -at
844 3980 898 4033 Gn
911 3982 921 4046 11
934 3978 1044 4032 iocerne
1063 3978 1125 4045 MS,
1145 3994 1226 4030 cerne
1246 3978 1300 4032 GR
1319 3979 1328 4045 ΙΙ
1347 3986 1370 4031 8.
1390 3977 1480 4052 possit

237 4046 384 4186 pm
393 4048 649 4187 iiiiii&
668 4048 995 4193 {lonniaci
1006 4048 1404 4187 trininatis
1415 4050 1480 4171 iil

237 4113 305 4263 &vrb
317 4208 344 4259 p.
359 4159 441 4260 396)‚’
460 4190 572 4262 <neque
591 4208 637 4258 ea,
655 4164 736 4260 'quae
760 4191 871 4263 sentio>
892 4192 990 4245 Baiter
1007 4193 1016 4259 Η
1034 4207 1091 4244 non
1109 4137 1271 4244 syentiiiiiiS
1291 4192 1300 4258 li
1325 4196 1364 4243 14,
1384 4189 1479 4259 grauis
1594 4246 1600 4264 ι

238 4245 273 4327 llll
286 4256 319 4328 Sl
332 4266 372 4316 15.
392 4277 478 4329 quam
496 4260 631 4316 facillime
651 4280 707 4316 uua
725 4279 754 4316 re
773 4262 868 4316 uinces
884 4264 904 4315 S
915 4265 925 4330 ΙΙ
940 4267 980 4316 16.
1000 4261 1117 4315 laudum
1133 4263 1187 4316 GR
1203 4262 1282 4329 (lif),
1302 4260 1413 4314 laudem
1428 4262 1463 4313 M
1471 4263 1480 4331 l

239 4334 259 4372 *ἢ
271 4326 395 4385 armaris
413 4333 514 4386 desinit
533 4335 630 4401 81117.
650 4333 703 4405 eis]
722 4333 778 4387 hiis
797 4335 840 4401 M,
858 4333 902 4386 his
923 4334 987 4399 GR,
1005 4333 1040 4386 iis
1059 4336 1098 4401 ςΙΙ
1113 4333 1299 4386 laborandum
1319 4332 1381 4397 (ili,
1401 4331 1478 4385 labo-

239 4403 279 4446 Μ
292 4397 349 4455 dum
366 4404 404 4456 M
418 4405 446 4472 (e
463 4402 591 4457 laborem
610 4404 677 4457 dum
695 4406 754 4472 ΜΓ)
769 4408 778 4472 ΙΙ
801 4410 841 4458 17,
858 4410 898 4457 18.
920 4403 1089 4457 sententiam
1107 4422 1157 4458 oni.
1178 4404 1233 4458 GR
1246 4406 1254 4471 ΙΙ
1271 4409 1310 4457 18.
1331 4402 1480 4456 scriberem

239 4475 317 4541 ‘iren
337 4473 428 4527 scribe
443 4475 482 4528 G*
504 4477 514 4544 ll
536 4480 578 4529 22.
597 4477 803 4544 inscriptionem
821 4493 871 4530 orn.
892 4476 926 4529 R.
946 4482 1009 4544 post
1033 4490 1055 4529 c.
1081 4476 1132 4530 liti.
1152 4479 1168 4526 ss
1187 4491 1279 4528 erasae
1297 4477 1328 4527 in
1347 4475 1387 4529 M.
1412 4473 1480 4528 item

240 4527 307 4594 (locro
325 4547 437 4598 senator
459 4543 572 4600 Curioni
597 4544 716 4600 salutem
737 4548 770 4601 G.
795 4546 876 4618 (M.)
896 4544 991 4599 Cicero
1011 4563 1027 4604 ς
1049 4548 1058 4613 ΙΙ
1082 4551 1124 4599 23.
1144 4543 1265 4613 epistola
1287 4562 1320 4599 en
1345 4562 1393 4599 -ae
1413 4547 1482 4618 Μῦιῑ

240 4639 268 4695 24.
281 4645 323 4701 ni
338 4651 391 4705 eni
413 4651 582 4721 ubicumque
605 4670 634 4706 a
659 4655 699 4722 (es
717 4655 840 4708 raiaco
862 4671 896 4707 ιω
919 4655 962 4707 en
985 4652 1032 4719 n)
1056 4652 1131 4719 nn,
1159 4650 1213 4704 etsi
1236 4627 1480 4721 „criticumque

241 4713 274 4779 “a
287 4733 371 4778 unm.
387 4729 412 4792 1,
432 4723 459 4778 G
472 4725 482 4792 l
495 4739 525 4778 es
539 4741 573 4780 co·
590 4741 635 4778 res
650 4725 693 4779 (ι’1
707 4727 716 4792 ΙΙ
731 4730 772 4780 25.
791 4723 879 4778 habes
894 4727 921 4777 a
940 4723 1018 4791 (abes
1032 4723 1092 4791 ΜΤ)
1106 4725 1115 4791 ΙΙ
1129 4728 1171 4777 ⁶26.
1187 4725 1231 4776 est
1245 4723 1365 4792 rimini,
1385 4724 1423 4778 sit
1437 4728 1463 4778 a
1473 4730 1481 4793 i

240 4779 377 4863 biurio,
396 4795 477 4868 busli,
498 4801 513 4847 1
528 4796 579 4852 litt.
594 4813 640 4866 cr,
659 4796 687 4850 R
700 4799 710 4866 ll
724 4801 766 4852 27.
776 4815 819 4868 pr.
834 4797 864 4849 et
876 4813 926 4851 om.
941 4796 968 4849 n
983 4797 992 4863 l
1006 4793 1123 4848 obscuro
1138 4812 1171 4849 ec
1186 4794 1304 4849 abscuro
1315 4797 1374 4866 ΜΕ,
1392 4813 1442 4851 om.
1455 4799 1480 4849 (ι’
