3286 5460
638 341 895 397 uPISTVLARVM
913 343 958 399 lx.
980 348 1020 397 1a.
1042 349 1083 396 14.
1432 341 1497 405 223

221 507 358 588 quantes
384 485 561 570 necessarii
590 505 653 570 mei
678 544 734 588 —,
757 507 836 590 quin
864 527 989 589 omnes,
1020 527 1093 569 cum
1121 508 1154 569 te
1183 503 1319 569 summis
1347 503 1497 569 laudibus

220 610 261 674 ad
285 612 409 677 caelum
428 612 624 697 extulerunt,
646 613 726 677 mihi
746 612 899 679 continuo
919 611 1077 677 maximas
1096 610 1219 697 gratias
1239 615 1352 697 agant3
1375 615 1498 698 negant

221 719 308 782 enim
331 740 365 784 se
388 718 547 803 dubitare,
571 719 650 805 quin
673 725 709 784 tu
732 721 814 786 meis
837 719 1018 805 praeceptis
1042 723 1076 783 et
1099 717 1244 783 consiliis
1268 718 1497 802 obtemperans

221 826 539 909 praestantissimum
568 832 600 890 te
630 827 733 892 civem
757 831 791 891 et
814 826 1013 914 singularem
1040 825 1205 891 consulem
1229 825 1398 909 praebeas:
1429 825 1531 908 qui-a

194 931 283 996 rbus
312 953 374 1019 ego
402 955 599 1018 quamquam
627 934 794 999 verissime
820 956 954 1019 possum
982 932 1175 1018 respondere
1204 935 1250 1014 te,
1278 954 1359 1016 quae
1387 932 1497 1014 facias,

220 1043 278 1104 tuo
310 1039 430 1106 iudicio
463 1044 497 1105 et
529 1045 587 1105 tua
619 1044 735 1125 sponte
770 1039 876 1105 faeere
907 1062 966 1105 nec
1000 1040 1190 1122 cuiusquam
1223 1060 1317 1124 egere
1350 1039 1496 1123 consilio,

220 1149 330 1210 tamen
352 1168 456 1231 neque
480 1146 575 1232 plane
599 1147 776 1233 adsentior,
797 1168 838 1211 ne
862 1147 1040 1211 inminuam
1063 1151 1154 1211 tuam
1176 1146 1319 1229 laudem,
1343 1146 1370 1210 si
1391 1147 1496 1210 omnis

220 1276 240 1317 a
268 1254 348 1318 meis
381 1253 526 1318 consiliis
557 1253 704 1338 profecta
731 1254 892 1338 videatur,
925 1276 1029 1339 neque
1056 1253 1148 1319 valde
1179 1274 1278 1338 nego,
1311 1275 1383 1316 sum
1410 1254 1496 1318 enim

220 1359 345 1424 aridior
372 1360 483 1445 etiam,
515 1384 613 1446 quam
635 1361 716 1426 satis
741 1366 805 1446 est,
833 1361 969 1446 gloriae,
1000 1364 1034 1425 et
1061 1364 1170 1424 tamen
1193 1382 1258 1424 non
1282 1359 1422 1424 alienum
1446 1364 1496 1423 est

179 1484 207 1522 ιο
221 1466 382 1552 dignitate
405 1472 474 1552 tua,
505 1469 591 1553 quod
615 1469 677 1552 ipsi
703 1467 953 1554 Agamemnoni,
983 1488 1098 1552 regum
1121 1467 1204 1552 regi,
1227 1466 1290 1531 luit
1313 1467 1496 1548 honestum,

220 1571 339 1638 habere
358 1574 499 1659 aliquem
519 1574 554 1640 in
573 1575 717 1640 consiliis
737 1574 900 1659 capiendis
918 1573 1101 1658 Nestorem,
1121 1573 1200 1637 mihi
1220 1596 1296 1639 vero
1316 1573 1496 1660 gloriosum

219 1684 253 1744 te
280 1680 428 1746 iuvenem
456 1682 620 1747 consulem
652 1682 766 1746 florere
799 1679 949 1745 laudibus
982 1681 1075 1765 quasi
1108 1679 1274 1745 alumnum
1306 1679 1495 1764 disciplinae

219 1807 317 1851 meae.
363 1786 398 1851 L.
423 1788 554 1872 quidem
578 1787 709 1872 Caesar,
741 1811 814 1854 eum
838 1789 877 1852 ad
902 1810 975 1853 eum
1004 1791 1174 1873 aegrotum
1197 1785 1371 1872 Neapolim
1395 1788 1531 1852 venis-3

219 1915 302 1977 sem,
335 1916 532 1979 quamquam
560 1899 630 1960 erat
658 1916 833 1979 oppressus
863 1895 967 1960 totius
998 1894 1143 1978 corporis
1174 1893 1356 1977 doloribus,
1387 1898 1497 1958 tamen

181 2017 207 2056 ¹⁵
220 2003 304 2083 ante,
328 2023 426 2085 quam
449 2023 500 2066 me
524 2002 619 2085 plane
644 2001 808 2086 salutavit,
831 2003 864 2066 ‘o
884 2002 928 2067 mi
949 2000 1084 2083 Cicero',
1106 1986 1223 2086 inquit,
1247 1999 1407 2086 ‘gratulor
1425 2000 1496 2082 tibi,

219 2128 292 2170 cum
315 2111 446 2172 tantum
470 2108 556 2173 vales
581 2109 666 2192 apud
689 2108 910 2192 Dolabellam,
938 2115 1096 2194 quantum
1120 2109 1148 2174 si
1171 2130 1232 2192 ego
1261 2108 1346 2192 apud
1374 2107 1495 2171 sororis

218 2210 322 2277 filium
345 2213 500 2296 valerem,
532 2215 596 2279 iam
625 2214 707 2279 salvi
737 2238 808 2281 esse
838 2237 1021 2300 possemus,
1053 2215 1243 2280 Dolabellae
1272 2235 1348 2279 vero
1377 2218 1434 2278 tuo
1462 2219 1495 2278 et

219 2320 367 2405 gratulor
398 2325 431 2385 et
464 2320 588 2407 gratias
621 2344 701 2408 ago,
733 2344 829 2406 quem
862 2323 992 2407 quidem
1025 2326 1101 2407 post
1128 2326 1160 2386 te
1189 2321 1356 2387 consulem
1389 2320 1495 2385 solum

218 2448 391 2511 possumus
420 2449 494 2492 vere
523 2428 689 2493 consulem
717 2427 849 2512 dicere'3
882 2425 996 2493 deinde
1023 2428 1127 2493 multa
1155 2428 1193 2492 de
1221 2426 1308 2491 facto
1337 2448 1374 2492 ac
1398 2427 1436 2490 de
1460 2449 1494 2489 re

184 2539 313 2618 ageses
339 2538 409 2598 tua:
440 2533 525 2599 nihil
553 2534 828 2621 magnificentius,
860 2534 942 2599 nihil
975 2535 1172 2619 praeclarius
1203 2537 1312 2599 actum
1343 2554 1495 2616 unquam,

218 2638 300 2704 nihil
323 2639 370 2704 rei
389 2664 419 2725 p.
439 2640 628 2724 salutarius,
652 2645 750 2725 atque
774 2642 853 2707 haec
872 2663 937 2705 una
955 2663 1017 2705 vox
1041 2639 1185 2705 omnium
1205 2644 1262 2705 est.
1295 2644 1365 2703 ate
1385 2642 1494 2703 autem
1513 2655 1529 2701 4

218 2751 307 2830 peto,
337 2752 375 2811 ut
404 2770 454 2812 me
481 2748 566 2813 hanc
593 2748 686 2832 quasi
714 2746 831 2812 falsam
858 2747 1073 2812 hereditatem
1101 2746 1225 2812 alienae
1253 2746 1378 2831 gloriae
1406 2745 1493 2809 sinas

218 2874 347 2918 cernere
371 2876 486 2938 meque
506 2853 615 2939 aliqua
638 2876 677 2918 ex
699 2858 792 2939 parte
816 2854 850 2918 in
874 2853 1066 2919 societatem
1085 2857 1215 2917 tuarum
1234 2852 1366 2916 landum
1385 2851 1493 2916 venire

217 2960 352 3042 patiare.
399 2984 609 3046 quamquam,
641 2961 686 3025 mi
714 2959 887 3026 Dolabella
909 2998 953 3006 -
975 2959 1055 3024 haec
1083 2960 1169 3024 enim
1196 2958 1321 3023 iocatus
1355 2980 1427 3022 sum
1450 2994 1494 3004 -

175 3078 205 3120 ²⁵
218 3065 372 3132 libentius
400 3090 512 3133 omnes
541 3091 644 3152 meas,
676 3069 704 3132 si
732 3069 828 3133 modo
857 3072 933 3133 sunt
962 3067 1089 3152 aliquae
1119 3088 1222 3149 meae,
1253 3065 1364 3131 laudes
1393 3065 1432 3128 ad
1460 3069 1493 3127 te

217 3173 459 3258 transfuderim,
482 3197 580 3259 quam
604 3176 746 3260 aliquam
770 3179 897 3260 partem
920 3173 1124 3239 exhauserim
1148 3195 1186 3238 en
1209 3173 1289 3256 tuis,
1313 3195 1398 3256 nam,
1421 3193 1494 3235 cum

217 3283 249 3342 te
273 3301 400 3364 semper
423 3286 552 3346 tantum
576 3282 757 3365 dilexerim,
788 3286 946 3365 quantum
970 3286 1006 3345 tu
1030 3280 1219 3366 intellegere
1242 3278 1393 3364 potuisti,
1422 3283 1494 3341 tum

216 3385 268 3450 his
292 3387 358 3451 tuis
382 3387 479 3452 lactis
503 3389 550 3454 sic
573 3388 723 3454 incensus
748 3411 837 3470 sum,
860 3393 897 3452 ut
919 3387 1000 3452 nihil
1025 3409 1180 3471 umquam
1204 3387 1238 3450 in
1261 3407 1370 3450 amore
1393 3383 1493 3448 fuerit

217 3493 397 3578 ardentius,
436 3494 520 3559 nihil
552 3501 602 3560 est
634 3496 736 3578 enim,
773 3495 853 3559 mihi
887 3495 995 3576 crede,
1032 3495 1151 3558 virtute
1183 3491 1375 3573 formosius,
1411 3489 1494 3554 nihil

153 3607 205 3651 ³⁰
218 3599 370 3684 pulcrius,
392 3599 475 3666 nihil
495 3602 676 3667 amabilius.
709 3624 835 3686 semper
855 3601 970 3685 amari,
991 3605 1029 3664 ut
1048 3599 1120 3682 scis,
1144 3599 1187 3663 M.
1201 3598 1340 3663 Brutum
1360 3601 1492 3680 propter
1512 3613 1527 3660 o

218 3705 285 3770 eius
308 3729 472 3772 summum
494 3707 672 3793 ingenium,
697 3708 907 3773 suavissimos
932 3729 1047 3782 mores,
1071 3706 1270 3791 singularem
1292 3703 1492 3788 probitatem

218 3816 314 3896 atque
338 3815 570 3880 constantiam:
599 3819 709 3879 tamen
734 3814 845 3879 Idibus
869 3814 997 3878 Martiis
1025 3816 1155 3877 tantum
1182 3811 1319 3877 accessit
1343 3811 1382 3873 ad
1406 3832 1492 3874 amo·

304 4086 327 4135 1.
347 4079 416 4148 quin
434 4079 503 4144 HD,
523 4079 572 4148 qui
591 4080 652 4134 MA
670 4083 679 4149 11
698 4087 721 4133 2.
742 4082 831 4148 agunt
849 4081 876 4134 A
894 4081 904 4149 11
927 4085 950 4132 ὃ.
970 4080 998 4132 te
1018 4094 1090 4147 quae
1110 4078 1208 4144 M0H,
1232 4078 1316 4145 teque
1335 4075 1395 4142 M1,
1419 4090 1491 4143 quae

216 4152 278 4218 (qne
294 4152 332 4221 A)
350 4152 408 4206 AD
421 4152 431 4220 11
446 4158 469 4205 7.
489 4151 603 4205 laudem
621 4154 701 4205 tuam
720 4151 811 4220 11119,
831 4149 943 4204 auidior
961 4168 994 4204 ex
1014 4149 1114 4204 audior
1129 4150 1179 4201 Μο
1192 4151 1202 4218 11
1215 4151 1263 4204 alt.
1279 4150 1323 4201 est
1337 4148 1372 4215 A,
1392 4164 1441 4200 om.
1463 4148 1494 4198 Ψ

212 4228 349 4291 potestque
367 4239 397 4277 eo
415 4225 504 4276 careri
517 4224 526 4290 11
542 4228 583 4277 10.
604 4223 663 4276 ‘rex
677 4239 774 4292 regum
789 4221 913 4274 Atrides’
935 4222 1055 4276 Ausonii
1074 4222 1202 4289 (epitaph.
1218 4227 1243 4286 2,
1259 4222 1285 4287 11
1303 4221 1367 4273 binc
1380 4218 1492 4286 fluabse

212 4299 293 4358 putat
312 4293 340 4349 0.
355 4293 470 4348 Schenkl
487 4295 527 4347 ed.
548 4312 577 4362 p.
593 4298 653 4348 266.
682 4301 711 4347 ot
734 4295 859 4362 frequens
877 4294 921 4359 id,
946 4311 970 4346 o.
991 4293 1143 4361 Loadpras
1162 4299 1213 4345 oet.
1233 4291 1326 4343 Erlaa
1345 4333 1351 4344 .
1370 4289 1396 4342 Π
1411 4307 1440 4357 p.
1456 4293 1489 4339 38

215 4367 330 4435 116121
350 4370 390 4418 11.
410 4363 514 4417 habere
534 4382 583 4418 ona
604 4366 631 4417 A
645 4368 654 4433 11
667 4366 808 4417 nestorem
826 4363 875 4430 A¹,
895 4366 1035 4417 nestorem
1053 4362 1157 4416 habere
1176 4363 1221 4416 A*
1239 4365 1248 4430 11
1268 4367 1309 4415 13.
1326 4308 1419 4441 lucius
1440 4360 1484 4411 qr,

216 4438 254 4490 lo.
274 4435 413 4489 salutaret
431 4453 465 4489 ea
483 4435 850 4505 111111111Μο1116.1111]
866 4434 941 4501 quod
962 4435 1127 4503 ll'eamberp,
1147 4435 1252 4486 1111111
1266 4434 1275 4500 11
1291 4437 1331 4487 17.
1347 4448 1402 4484 ram
1419 4429 1489 4496 HD,

214 4506 271 4559 tam
290 4507 374 4575 MAu
390 4512 431 4560 17.
452 4511 493 4560 18.
513 4509 541 4559 et
560 4505 687 4575 gratulor
706 4506 777 4573 AD,
796 4505 822 4559 ei
841 4505 967 4575 gratulor
986 4506 1053 4559 ΜΗ
1069 4507 1078 4572 11
1099 4511 1139 4557 19.
1159 4521 1273 4573 possum
1292 4504 1319 4557 A
1333 4505 1342 4571 11
1356 4502 1421 4556 dein
1441 4501 1468 4554 A

214 4580 409 4647 2111111111
427 4578 569 4647 deleretur)
589 4579 730 4632 Wesenber
748 4620 756 4644 ,
775 4579 835 4630 tum
849 4577 951 4643 MHA,
971 4593 1034 4630 oum
1053 4576 1083 4629 D
1096 4578 1105 4644 11
1119 4582 1161 4629 21.
1181 4576 1225 4629 est
1243 4591 1261 4626 a
1279 4577 1306 4626 te
1326 4576 1362 4638 A,
1382 4573 1490 4626 aestate

215 4650 244 4700 Ψ
259 4652 306 4717 (ex
323 4651 353 4703 te
417 4691 422 4702 .
442 4648 483 4717 D)
506 4651 515 4717 l
538 4655 580 4703 22.
600 4649 633 4702 11
651 4665 695 4702 me
714 4595 759 4701 A*
777 4666 811 4702 ex
830 4649 953 4716 utinen
975 4653 1016 4702 24.
1036 4646 1118 4715 haec]
1137 4645 1183 4699 hic
1204 4645 1231 4698 D
1249 4648 1258 4713 11
1276 4644 1385 4698 iocatus
1406 4645 1462 4698 DA
1471 4645 1489 4710 ²,

212 4715 320 4773 locatus
339 4719 378 4773 A¹
401 4719 428 4787 f,
448 4719 558 4773 locutus
579 4720 616 4773 M
630 4723 787 4789 1111111111.
809 4720 927 4788 111126.
947 4716 1146 4771 transfuderim
1168 4720 1204 4784 Ψ,
1228 4720 1306 4769 trans
1325 4716 1380 4784 A¹,
1400 4718 1490 4768 trans·

213 4790 324 4845 tulerim
346 4792 465 4859 Α’1128.
485 4789 530 4843 his
549 4790 606 4843 tuis
625 4791 695 4859 MA,
715 4789 739 4843 is
758 4789 815 4844 tuis
834 4790 871 4859 D,
891 4790 934 4842 his
954 4790 1115 4858 1111111111
1135 4788 1171 4857 A,
1192 4803 1314 4841 amorem
1336 4790 1366 4839 Ψ
