3314 5460
646 370 902 426 Rrrsuvunuvn
922 334 967 424 n.
989 376 1011 424 1.
1032 377 1055 423 c.
1425 369 1488 435 281

197 539 386 626 possimus,
409 559 473 622 quo
497 559 548 601 me
572 534 680 601 velitis
701 536 818 619 venire,
841 534 1019 600 rescribite.
1060 539 1136 619 post
1153 535 1367 599 novissimum
1387 533 1489 598 Hirtii
1510 551 1525 598 6

193 667 396 712 sermonem
419 644 578 730 placitum
597 649 647 709 est
667 643 748 708 mihi
771 642 948 728 postulare,
971 646 1008 707 ut
1031 641 1145 707 liceret
1162 643 1258 731 nobis
1276 640 1400 707 Romae
1420 663 1490 706 esse

186 752 342 840 publico
366 751 542 836 praesidio:
570 751 655 836 quod
679 751 754 816 illos
777 751 873 816 nobis
897 771 1107 815 concessuros
1130 771 1197 814 non
1219 754 1314 834 puto;
1337 769 1490 834 magnam

184 859 299 926 enim
322 859 478 923 invidiam
502 859 549 924 eis
571 858 736 924 faciemus.
781 857 864 922 nihil
889 862 998 924 tamen
1020 880 1086 922 non
1114 857 1346 944 postulandum
1371 856 1491 941 putavi,

124 995 147 1035 5
180 967 299 1055 quod
322 989 462 1052 aequum
486 988 556 1031 esse
581 971 767 1032 statuerem.

763 1218 804 1283 11.
842 1217 946 1304 (see.)

276 1377 454 1444 Rervs
479 1379 536 1444 Ru
560 1375 741 1444 unssrvs
765 1376 1026 1443 PRAETORES
1050 1377 1093 1443 11.
1119 1377 1318 1444 sunosio
1342 1376 1429 1445 cos

304 1540 353 1605 De
377 1544 435 1605 tua
456 1540 519 1605 fide
543 1545 577 1604 et
599 1539 826 1605 benevolentia
850 1540 883 1604 in
906 1562 965 1604 nos
990 1539 1053 1604 nisi
1072 1562 1263 1624 persuasum
1283 1543 1370 1604 esset
1388 1539 1493 1624 nobis,
1515 1556 1525 1602 1

167 1670 280 1712 non
305 1647 548 1731 scripsissemus
567 1648 648 1712 haec
671 1647 746 1732 tibi3
770 1670 851 1732 quae
875 1646 1032 1731 profecto,
1056 1647 1210 1731 quoniam
1229 1647 1329 1712 istum
1349 1647 1492 1712 animum

124 1776 139 1812 ›
170 1754 327 1837 habes,
346 1755 380 1818 in
400 1755 558 1839 optimam
576 1759 704 1839 partem
723 1754 870 1839 accipies.
910 1754 1066 1818 scribitur
1083 1753 1178 1818 nobis
1197 1776 1351 1840 magnam
1370 1759 1493 1837 vetera·

170 1882 333 1925 norum
358 1860 602 1926 multitudinem
626 1862 765 1926 Romam
790 1861 977 1927 convenisse
1001 1862 1067 1926 iam
1089 1862 1180 1926 etad
1200 1860 1329 1926 K.Iun,
1351 1861 1494 1926 futuram

173 1966 321 2031 multo
355 1968 525 2033 maiorem:
557 1969 595 2033 de
624 1972 656 2032 te
686 1969 713 2032 si
742 1968 926 2033 dubitemus
957 1974 1013 2032 siit
1043 1990 1225 2050 vereamur,
1258 1968 1358 2033 simus
1391 1968 1496 2032 nostri

177 2074 407 2158 dissimiles;
440 2075 496 2140 sed
524 2079 624 2158 certe,
658 2097 730 2139 cum
759 2075 823 2159 ipsi
851 2075 885 2139 in
914 2080 971 2139 tua
998 2079 1161 2159 potestate
1189 2075 1346 2139 fuerimus
1375 2080 1497 2159 tuoque

178 2181 350 2247 adducti
365 2181 502 2247 consilio
517 2182 736 2247 dimiserimus
757 2206 795 2247 ex
815 2182 1000 2266 municipiis
1019 2188 1150 2248 nostros
1165 2182 1375 2267 necessarios
1393 2204 1497 2267 neque

124 2300 155 2339 ⁵
180 2289 324 2353 solum
353 2290 473 2375 edicto,
503 2289 559 2354 sed
587 2290 687 2354 etiam
714 2289 835 2355 litteris
863 2290 895 2354 id
926 2290 1110 2374 fecerimus,
1142 2290 1232 2375 digni
1261 2311 1387 2374 sumus,
1417 2312 1498 2374 quos

179 2391 338 2461 habeas
368 2396 417 2461 tui
449 2395 578 2461 consilii
607 2397 798 2481 participes,
831 2397 862 2460 in
892 2419 930 2461 eu
957 2397 1151 2481 praesertim
1179 2419 1226 2481 re,
1261 2419 1342 2481 quee
1371 2398 1411 2461 cd
1439 2420 1498 2462 nos

183 2503 370 2581 pertinet.
417 2525 516 2587 quare
539 2504 680 2587 petimus
705 2527 724 2568 c
747 2509 793 2588 te,
824 2503 924 2569 facies
948 2526 1008 2569 nos
1032 2504 1186 2569 certiores
1215 2508 1290 2568 tuae
1319 2503 1497 2569 voluntatis
1518 2521 1533 2568 2

184 2603 249 2671 in
271 2631 344 2674 nos:
367 2613 504 2694 putesne
522 2632 583 2675 nos
602 2616 694 2676 tutos
713 2610 783 2675 fore
803 2611 836 2675 in
855 2615 948 2675 tenta
966 2611 1153 2695 frequentis
1172 2611 1314 2675 militum
1334 2615 1499 2675 veterano·

188 2731 306 2800 rum,
335 2738 418 2800 quos
446 2718 546 2782 etiam
575 2717 613 2783 de
642 2719 827 2802 reponenda
857 2740 913 2783 ers
941 2719 1086 2804 cogitare
1111 2718 1273 2797 audimus,
1302 2718 1386 2803 quod
1416 2718 1498 2783 velle

125 2828 168 2869 ²0
191 2825 251 2884 et
277 2822 494 2907 probareris
518 2824 690 2908 quisquam
714 2847 810 2909 posse
830 2826 966 2910 videtur,
991 2826 1129 2911 quinos
1155 2826 1262 2890 salvos
1287 2830 1319 2889 et
1342 2825 1498 2889 honestos

191 2929 309 2993 velit.
353 2951 414 2995 nos
438 2931 478 2995 ab
502 2928 598 2996 initio
627 2936 791 3015 spectasse
820 2933 924 2997 otium
952 2955 1011 2998 nec
1040 2932 1212 3016 quicquam
1229 2916 1322 2996 ¹eliud
1347 2931 1498 2996 libertate

193 3037 385 3100 communi
415 3038 581 3120 quaesisse
611 3039 717 3103 exitus
749 3039 901 3103 declarat.
946 3037 1058 3104 fallere
1085 3061 1180 3104 nemo
1209 3061 1269 3104 nos
1297 3043 1408 3123 potest
1435 3038 1499 3103 nisi

194 3139 273 3219 tu,
301 3133 393 3227 quod
411 3148 499 3209 certe
522 3145 616 3210 abest
639 3146 680 3210 sb
704 3151 762 3211 tua
790 3147 910 3210 virtute
935 3152 968 3210 et
990 3146 1067 3228 fide3
1096 3148 1151 3211 sed
1176 3146 1259 3211 alius
1282 3168 1377 3211 nemo
1402 3147 1500 3211 facul-

200 3244 325 3314 tatem
347 3251 449 3317 habet
472 3252 653 3337 decipiendi
680 3275 754 3337 nos,
784 3253 845 3317 tibi
875 3253 961 3317 euim
991 3254 1045 3317 uni
1070 3254 1264 3318 credidimus
1288 3257 1321 3318 et
1344 3252 1500 3318 credituri

142 3356 180 3397 ²⁵
199 3369 341 3422 sumus.
388 3359 529 3424 marimo
558 3360 675 3425 timore
703 3361 741 3424 de
768 3360 864 3425 nobis
888 3360 1084 3426 adficiuntur
1107 3361 1204 3426 amici
1232 3361 1350 3445 nostri,
1380 3361 1533 3444 quibuss

200 3463 286 3528 etsi
307 3470 366 3529 tua
392 3466 472 3531 fides
496 3467 665 3551 explorata
689 3472 752 3551 est,
783 3471 893 3531 temen
921 3468 1001 3532 illud
1030 3469 1063 3531 in
1091 3473 1234 3533 mentem
1262 3469 1363 3551 venit,
1392 3468 1500 3531 multi·

201 3564 368 3637 tudinem
391 3577 618 3638 veteranorum
646 3574 774 3639 facilius
803 3574 926 3659 impelli
955 3575 996 3639 ab
1026 3575 1098 3638 eliis
1128 3573 1276 3658 quolibet
1304 3596 1401 3657 quam
1425 3597 1444 3638 a
1467 3577 1498 3638 te

202 3678 356 3745 retineri
374 3701 479 3765 posse.
516 3680 677 3746 rescribes
700 3681 795 3745 nobis
820 3681 860 3744 sd
884 3681 993 3745 omnis
1011 3702 1178 3766 rogamus,
1202 3703 1278 3744 nem
1302 3680 1382 3744 illud
1406 3681 1498 3745 valde

203 3770 295 3850 leve
316 3790 367 3851 est
390 3810 428 3853 ac
451 3789 670 3873 nugatorium,
694 3811 731 3853 eu
754 3810 788 3852 re
812 3788 1037 3853 denuntiatum
1062 3809 1131 3852 esse
1154 3786 1327 3870 veteranis,
1351 3787 1437 3871 quod
1461 3788 1499 3851 de

154 3884 187 3926 ³⁰
204 3894 400 3959 commodis
433 3916 546 3959 eorum
578 3916 687 3959 mense
714 3894 809 3959 Iunio
837 3896 964 3960 laturus
997 3917 1097 3978 esses,
1131 3916 1225 3978 quem
1254 3895 1339 3959 enim
1367 3894 1499 3978 impedi-

310 4128 335 4178 4.
352 4122 491 4177 inuidiam
510 4125 542 4178 in
560 4124 598 4176 M
615 4143 665 4195 my.
685 4143 703 4180 a
721 4143 755 4179 m.
775 4126 856 4206 quud.
876 4143 937 4190 rec,
960 4141 1095 4192 umquam
1116 4128 1146 4179 Ψ
1171 4128 1180 4195 ΙΙ
1207 4125 1260 4195 eis]
1279 4123 1324 4177 his
1345 4127 1382 4192 Ψ,
1405 4123 1441 4177 iis
1461 4126 1499 4192 §i

205 4182 240 4236 ⁹·
268 4210 321 4247 nou
344 4194 552 4264 scripsissemus
576 4195 649 4262 HD,
676 4194 937 4264 conscripsissemus
961 4197 1002 4249 M.
1030 4213 1086 4250 nou
1109 4214 1214 4251 conscr.
1240 4198 1292 4250 ulii
1318 4200 1327 4260 lt
1356 4201 1396 4249 12.
1417 4195 1451 4248 de
1472 4197 1499 4248 tc

205 4264 277 4332 ⁰3⁷⁸.
295 4264 325 4318 Η
335 4268 345 4336 fl
360 4272 401 4322 13.
421 4264 573 4320 dissimiles
592 4267 660 4336 HD,
681 4267 813 4320 dissimus
832 4268 870 4321 Μ
880 4271 889 4336 ll
908 4272 950 4320 14.
970 4270 1080 4321 nostros
1099 4270 1141 4336 M,
1160 4267 1263 4321 nostris
1283 4267 1344 4321 HD
1357 4269 1366 4335 11
1382 4272 1422 4321 17.
1442 4283 1499 4320 cer-

206 4318 304 4388 llOris
328 4338 366 4392 Μ
393 4340 403 4407 ΙΙ
436 4341 479 4393 18.
506 4340 624 4406 putesne
653 4340 698 4405 M,
730 4341 850 4407 putasne
878 4340 973 4408 (putas
996 4356 1031 4392 ne
1055 4341 1095 4406 D)
1124 4340 1185 4393 HD
1216 4343 1225 4408 ΙΙ
1258 4344 1299 4392 19.
1328 4337 1417 4391 uellet
1439 4339 1474 4390 M
1491 4338 1500 4406 ll

206 4393 268 4454 ²0-
293 4407 401 4463 uidetur
426 4425 508 4478 posse
531 4409 561 4463 D
588 4414 596 4477 n
625 4415 666 4464 21.
692 4409 769 4463 aliud
793 4428 826 4464 cc
850 4409 986 4464 1111111111ι
1007 4413 1046 4465 ecl
1066 4412 1123 4464 ΜΟ.
1160 4413 1192 4464 dc
1215 4413 1277 4479 ipsc
1300 4412 1500 4464 constructione

208 4467 255 4524 cf,
279 4477 398 4550 Wo'lfflin
417 4480 511 4535 ‘Ascle
530 4483 551 4547 f.
572 4481 619 4535 lut.
639 4483 793 4551 Lexicopr.’
819 4482 870 4534 Vll
890 4501 919 4550 p.
941 4487 991 4533 llo
1020 4485 1028 4548 ΙΙ
1056 4488 1098 4536 24,
1128 4480 1287 4550 decipiendi
1313 4479 1417 4548 nostri;
1445 4480 1499 4534 tibi

211 4531 247 4588 Ο·
274 4546 832 4622 111111111111111101.1111111105)
859 4556 868 4622 ΙΙ
896 4559 938 4606 Rs.
958 4558 1000 4607 25.
1021 4552 1155 4607 credituri
1174 4555 1281 4624 sumus]
1296 4553 1500 4621 periplirustica

209 4617 410 4690 mutuatim
438 4623 479 4677 M.
503 4623 612 4677 Brutus
638 4626 720 4677 etium
746 4626 778 4677 ic
805 4643 845 4693 ep.
873 4627 911 4678 ud
936 4626 1087 4679 Cicerocum
1114 4626 1188 4677 dctis
1212 4655 1244 4662 -
1269 4642 1337 4693 quos
1365 4626 1501 4693 coccinus

213 4688 329 4746 masur
345 4709 384 4762 cp.
405 4692 425 4761 l,
446 4700 479 4746 16
498 4700 523 4748 ct
543 4699 575 4746 17
591 4701 660 4762 puto
678 4726 708 4734 —
723 4697 834 4764 saepius
851 4698 950 4750 utitur.
978 4697 1013 4762 cs.
1034 4696 1070 4750 R.
1086 4696 1220 4749 Setirmcr
1240 4696 1317 4750 ‘uber
1335 4697 1361 4749 d.
1382 4695 1500 4764 Sprcchc

217 4744 246 4799 l·
273 4758 440 4818 nessus
462 4767 567 4836 (propr.
588 4766 669 4819 Matr.
691 4767 771 4833 1eer)
791 4785 817 4833 p.
833 4772 866 4818 1o
890 4770 899 4836 p
922 4765 1339 4832 11.111111111111111111ο
1362 4769 1371 4836 ιι
1394 4772 1437 4821 ec.
1458 4768 1500 4820 esc

218 4810 293 4881 leue
309 4833 337 4886 R
347 4837 357 4902 l
370 4840 412 4890 30.
431 4834 540 4890 laturus
560 4853 635 4891 esses
655 4837 693 4904 H,
712 4844 737 4890 ct
755 4856 788 4891 cc
807 4836 916 4891 laturus
935 4854 995 4892 esse
1014 4838 1073 4906 M0,
1092 4837 1216 4891 laturum
1235 4854 1296 4892 esse
1315 4837 1345 4892 D
