3286 5460
197 392 238 453 pp
649 375 686 430 n.
706 375 812 433 uvam
831 374 1019 430 crcsuours

197 570 253 633 por
286 550 319 609 to
352 546 467 607 notum
501 561 572 604 esse
605 538 755 604 voluisti:
791 561 867 603 nam
899 537 1065 624 auguralis
1098 537 1201 603 libros
1233 539 1273 602 ad
1306 560 1475 604 commuue

197 652 367 735 utriusque
390 651 541 713 nostrum
565 646 668 711 otium
692 668 798 730 serva3
828 667 889 732 ogo
913 645 1012 731 enim,
1040 668 1060 710 a
1082 650 1116 711 ts
1139 668 1212 710 oum
1236 649 1294 709 tua
1315 645 1477 729 promissa

198 780 254 843 por
278 757 407 820 litteras
431 753 637 838 flagitabam,
664 752 704 817 ad
728 752 842 816 urbem
865 756 897 816 te
921 752 1157 818 otiosissimum
1185 773 1256 816 ease
1284 752 1477 837 arbitrabar,

200 886 283 927 uiroc
308 866 427 944 tamen,
451 864 489 924 ut
511 860 582 943 ipsa
600 858 774 943 polliceris,
797 880 856 942 pro
876 859 1089 944 auguralibus
1107 858 1200 924 libris
1219 859 1387 925 orationes
1405 864 1477 925 tuas

162 990 178 1033 o
198 968 362 1033 ‹srinleotas
382 966 489 1031 omnis
513 966 717 1050 exspectabo.
754 964 792 1031 D.
811 965 947 1051 Tullius,
970 967 1021 1031 cui
1040 966 1194 1031 mandata
1216 966 1257 1031 ad
1281 988 1332 1031 me
1352 966 1478 1050 dedisti,
1501 986 1512 1024 ε

200 1099 262 1141 non
287 1077 483 1140 convenerat
506 1096 572 1157 me3
593 1094 653 1138 nea
676 1077 747 1136 erat
769 1074 835 1138 iam
858 1073 1031 1158 quisquam
1054 1095 1180 1139 mecum
1199 1078 1331 1139 tuorum
1350 1078 1479 1159 praeter

199 1203 312 1247 omnes
335 1202 441 1264 meos,
474 1179 529 1264 qui
562 1184 638 1244 sunt
666 1201 778 1245 omnes
808 1181 866 1246 tui.
908 1180 1205 1246 ‘stomachosiores'
1233 1203 1322 1246 meas
1350 1181 1479 1247 litteras

200 1311 282 1375 quas
306 1287 395 1351 dicas
419 1308 505 1371 esse,
531 1308 597 1350 non
624 1286 793 1372 intellego:
821 1288 872 1352 bis
896 1288 936 1352 ad
960 1291 993 1352 te
1017 1287 1132 1372 scripsi
1163 1309 1213 1352 me
1241 1309 1390 1373 purgans
1411 1286 1479 1352 dili·

199 1398 322 1479 genter,
347 1397 379 1457 te
399 1392 514 1457 leviter
533 1414 688 1458 accusans
706 1392 741 1456 iu
760 1415 808 1477 eo,
831 1395 916 1477 quod
941 1394 979 1458 de
1004 1415 1055 1458 me
1079 1393 1145 1458 cito
1164 1392 1371 1459 credidisses:
1395 1394 1480 1479 quod

200 1522 303 1586 genus
327 1500 476 1583 querelae
496 1499 575 1563 mihi
596 1501 725 1583 quidem
743 1500 914 1564 videbatur
937 1522 1007 1565 esse
1031 1499 1142 1584 amici3
1164 1499 1215 1564 sin
1234 1498 1296 1564 tibi
1319 1499 1514 1585 displicato

200 1630 264 1672 non
289 1611 363 1670 utar
392 1628 430 1670 eo
458 1606 603 1690 posthac.
642 1609 712 1691 sed,
739 1607 781 1691 si,
811 1611 848 1670 ut
871 1607 1000 1691 scribis,
1029 1629 1085 1672 eae
1108 1605 1238 1670 litterae
1260 1627 1327 1670 non
1350 1605 1481 1670 fuerumt

200 1712 376 1794 ‘disertae’,
396 1713 478 1777 scito
494 1735 582 1778 meas
602 1736 667 1778 non
686 1714 800 1797 fuissa3
819 1718 857 1777 ut
876 1713 962 1779 enim
976 1711 1187 1778 Aristarchus
1201 1710 1338 1777 Homeri
1351 1733 1479 1776 versum

200 1824 313 1906 negat,
337 1841 433 1904 quem
456 1842 521 1885 non
543 1821 672 1905 probat,
695 1821 742 1886 sic
765 1825 802 1885 tu
822 1857 864 1867 —-
884 1821 966 1886 libet
984 1821 1071 1886 enim
1095 1818 1177 1885 mihi
1199 1818 1302 1884 iocari
1319 1855 1374 1905 -,
1396 1819 1480 1905 quod

201 1929 358 1993 disertum
382 1949 448 1992 non
471 1928 542 2012 erit,
566 1951 606 1993 ne
630 1928 756 2013 putaris
776 1950 892 1993 meum.
929 1928 1000 1992 vala
1023 1931 1057 1993 et
1079 1928 1114 1992 in
1137 1947 1274 1991 censura
1299 1961 1338 1973 -
1364 1924 1394 1991 si
1415 1925 1479 1990 iarn

200 2057 235 2099 es
260 2055 386 2118 censor,
410 2037 447 2098 ut
470 2056 564 2117 spero
589 2072 630 2081 —
655 2036 694 2099 de
717 2056 839 2118 proavo
863 2034 1002 2099 multum
1026 2032 1172 2119 cogitato
1194 2037 1262 2098 tuo.
1491 2049 1512 2089 ¹⁵

584 2353 588 2360 ,
733 2281 805 2348 xu
843 2280 947 2370 (139.)

538 2423 698 2491 cronno
722 2423 854 2489 APPIO
877 2424 1086 2491 Pvncnuo
1112 2423 1143 2489 s

169 2588 179 2634 1
291 2568 490 2633 Gratulabor
523 2566 585 2631 tibi
617 2567 707 2651 prius
736 2604 778 2613 -
808 2566 856 2631 ita
889 2567 974 2631 enim
1006 2589 1114 2632 rerum
1148 2567 1227 2633 ordo
1259 2567 1410 2652 postulat
1434 2602 1480 2650 -,

201 2675 314 2740 deinde
338 2675 453 2738 adme
477 2678 655 2739 convertar.
699 2694 759 2758 ego
790 2695 865 2738 vero
893 2674 1102 2739 vehementer
1130 2674 1277 2760 gratulor
1300 2674 1340 2739 de
1363 2672 1480 2738 iudicio

202 2782 358 2865 ambitus,
384 2803 488 2865 neque
516 2781 564 2866 id,
594 2779 680 2865 quod
707 2780 829 2844 nemini
858 2780 992 2845 dubium
1019 2780 1097 2866 fuit,
1125 2781 1313 2846 absolutum
1341 2802 1414 2846 esse
1441 2784 1515 2863 ten

202 2889 258 2953 sed
276 2888 365 2972 illud,
389 2889 484 2971 quod,
509 2911 573 2972 quo
592 2888 709 2952 melior
728 2886 817 2971 civis,
837 2909 901 2971 quo
920 2888 970 2952 vir
989 2886 1116 2972 clarior,
1136 2909 1200 2973 quo
1223 2887 1341 2952 sortior
1358 2886 1481 2952 amicus

202 3016 388 3078 aequoque
417 2995 512 3078 plura
538 2993 671 3058 virtutis
700 2993 879 3058 industriae
909 2998 1100 3060 ornamenta
1123 2994 1157 3057 in
1184 2998 1217 3057 te
1246 2997 1336 3077 suut,
1364 3015 1404 3058 eo
1427 2992 1483 3058 mi-

203 3100 340 3164 randum
373 3105 423 3165 est
453 3101 573 3185 magis,
604 3100 728 3165 nullam
758 3123 797 3165 ne
825 3101 858 3164 in
890 3101 1030 3176 tabellae
1064 3101 1193 3184 quidem
1225 3099 1352 3165 latebra
1384 3100 1484 3165 fuisse

203 3206 426 3271 absconditam
451 3205 725 3291 malevolentiam,
747 3228 829 3290 quae
852 3211 885 3271 te
908 3208 1089 3292 inpugnare
1114 3206 1261 3271 auderet:
1283 3226 1348 3270 non
1366 3206 1484 3271 horum

204 3318 395 3397 temporum,
418 3335 484 3378 non
507 3313 624 3378 horum
649 3312 817 3378 hominum
841 3318 939 3397 atque
963 3335 1090 3378 morum
1108 3312 1294 3398 negotium3
1316 3309 1401 3376 nihil
1420 3312 1485 3377 iam
1498 3329 1522 3368 2⁵

168 3437 184 3484 a
204 3441 275 3484 sum
294 3420 419 3504 pridem
439 3420 618 3484 admiratus
637 3420 751 3505 magis,
784 3420 822 3484 de
841 3441 893 3484 me
912 3424 1032 3505 autem,
1052 3420 1179 3504 suscipe
1197 3418 1377 3504 paullisper
1397 3440 1485 3484 meas

203 3526 305 3612 partis
330 3532 460 3591 etcum
484 3531 517 3590 te
540 3549 611 3592 esse
635 3528 739 3612 finge,
763 3527 819 3610 qui
843 3549 915 3591 sum
939 3549 1014 3613 ego:
1038 3525 1065 3592 si
1089 3526 1184 3591 facile
1207 3523 1383 3610 inveneris,
1408 3525 1486 3609 quid

203 3634 301 3717 (lices,
319 3634 385 3696 noli
405 3634 574 3719 ignoscere
594 3633 806 3698 haesitationi
826 3655 924 3698 meae.
956 3655 1018 3719 ego
1037 3655 1114 3699 vero
1133 3633 1231 3699 velim
1250 3631 1332 3696 mihi
1345 3630 1486 3698 Tulliae

204 3762 264 3824 que
284 3761 384 3825 meae,
406 3740 491 3804 siout
514 3744 549 3804 tu
573 3738 768 3805 amicissime
787 3745 821 3804 et
841 3740 1033 3805 suavissime
1053 3744 1157 3825 optas,
1180 3760 1336 3824 prospere
1355 3739 1485 3804 evenire

204 3868 250 3928 ca,
274 3868 356 3930 quae
380 3868 431 3910 me
455 3846 611 3911 insciente
636 3846 724 3911 facta
747 3850 824 3910 sunt
848 3869 866 3910 a
889 3846 984 3931 meis3
1008 3848 1064 3912 sed
1087 3845 1136 3910 ita
1159 3845 1327 3929 cecidisse,
1349 3848 1388 3908 ut
1410 3862 1525 3929 age-³⁰

204 3956 316 4015 rentur
349 3974 386 4016 eo
420 3955 578 4036 tempore!
612 3975 705 4036 spero
740 3953 871 4016 omniuo
900 3976 973 4018 cum
1006 3953 1116 4037 aliqua
1147 3951 1306 4017 felicitate
1334 3954 1367 4014 et
1397 3956 1488 4035 opto,

205 4063 427 4124 verumtamen
455 4058 528 4142 plus
557 4081 607 4122 me
631 4058 665 4122 in
688 4059 749 4124 hac
773 4081 828 4143 spe
857 4064 914 4124 tua
943 4060 1104 4144 sapientia
1132 4063 1166 4124 et
1195 4057 1382 4123 humanitas
1413 4079 1488 4122 oon-

295 4256 317 4303 1.
337 4267 387 4319 por
405 4253 434 4304 te
454 4251 489 4316 G,
507 4250 596 4319 perite
615 4252 677 4305 MR
690 4254 700 4320 11
713 4268 887 4306 communem
907 4254 968 4308 MR
987 4255 996 4321 11
1015 4259 1038 4306 ὁ.
1059 4254 1091 4306 Il.
1113 4252 1175 4314 GR,
1196 4251 1266 4305 dicit
1284 4250 1322 4305 Μ
1335 4252 1345 4319 1
1363 4254 1387 4304 ’1.
1409 4251 1487 4305 atho·

206 4320 374 4375 macosioras
398 4322 435 4375 M
458 4324 467 4389 11
495 4327 518 4374 9.
544 4321 645 4375 leniter
668 4325 720 4377 olii
746 4325 755 4390 11
784 4329 825 4377 10.
850 4322 1021 4377 uidebantur
1046 4326 1086 4391 G,
1111 4331 1136 4378 ct
1163 4325 1190 4378 R
1218 4330 1249 4376 at
1275 4323 1331 4377 oid.
1358 4323 1367 4389 11
1397 4322 1423 4375 si
1443 4323 1489 4390 G}

207 4398 247 4445 12.
272 4393 399 4446 desertae
426 4393 464 4446 Μ
482 4395 492 4460 11
515 4392 666 4447 aristarcus
696 4395 750 4449 GR
773 4397 782 4461 11
808 4399 847 4448 14.
873 4393 1014 4447 desertum
1043 4396 1080 4448 M
1099 4398 1108 4463 11
1131 4399 1172 4448 15.
1203 4411 1231 4448 es
1261 4393 1329 4458 GR,
1362 4394 1408 4446 cst
1435 4394 1473 4447 Μ

208 4468 248 4514 17.
268 4466 473 4531 inscriptionem
495 4481 544 4518 om¹
567 4465 621 4518 GR
642 4468 651 4532 11
676 4470 716 4518 18,
736 4465 864 4533 gratulor
883 4466 908 4519 G
928 4468 937 4533 11
955 4465 1076 4534 primum
1103 4466 1158 4520 GR
1176 4467 1185 4533 11
1203 4462 1419 4533 ita—postulat
1435 4481 1488 4519 om.

208 4534 271 4601 GR,
289 4535 335 4587 scd
356 4535 381 4586 Il
399 4538 567 4604 canapario
586 4537 648 4590 circ.
670 4542 702 4588 10
717 4537 769 4589 till.
788 4537 797 4603 11
817 4541 859 4588 22.
879 4535 942 4590 virt.
962 4536 1032 4607 ind]
1052 4540 1184 4604 affatuum
1202 4538 1266 4591 olim
1285 4537 1316 4588 in
1334 4537 1468 4605 asyndeto

208 4610 249 4655 23.
273 4603 351 4657 nulla
376 4606 401 4660 G
424 4609 433 4675 11
455 4606 594 4660 latebram
620 4625 654 4661 ea
679 4606 804 4659 latebrae
828 4608 878 4659 Μ0
901 4610 910 4674 11
933 4613 974 4661 uo.
1000 4625 1055 4662 non
1077 4608 1177 4662 horum
1202 4605 1346 4660 hominum
1369 4622 1422 4660 om.
1441 4605 1489 4661 Rl'

208 4680 249 4726 26.
269 4692 345 4755 meas
365 4677 406 4744 Μ,
425 4693 569 4744 permees
591 4678 645 4732 GR
668 4679 743 4802 {pita
763 4675 865 4730 uellem
885 4679 911 4732 G
935 4682 944 4746 11
967 4684 1008 4733 28.
1025 4686 1066 4734 29.
1087 4678 1253 4748 Tulliaeque
1270 4692 1351 4730 meae
1370 4694 1423 4731 om·
1439 4678 1484 4743 Gl

209 4746 400 4799 30.rec1disse
419 4748 465 4814 M,
485 4748 621 4801 accidisse
642 4749 667 4802 G
694 4786 704 4801 ι.
731 4749 763 4801 dc
783 4753 836 4802 toto
856 4750 913 4803 loco
931 4751 966 4815 cs.
981 4751 1125 4804 Lelunome
1139 4769 1169 4820 p.
1184 4756 1249 4820 leq.
1266 4750 1276 4817 11
1295 4753 1337 4802 31.
1358 4747 1488 4820 omnino]

208 4819 332 4884 tempore
352 4819 423 4886 (esp.
437 4836 471 4872 oa
489 4823 513 4884 l)
533 4817 700 4871 omnimodis
720 4819 745 4873 G
