3286 5460
194 368 258 431 258
647 368 683 423 Μ.
703 368 810 422 TVLLI
829 367 1020 423 CICERONIS
1060 400 1063 405 ·

194 532 284 614 prius
313 553 428 595 nocere
455 534 578 614 potest,
609 553 705 614 quam
735 531 811 596 sciri
839 531 1009 615 curarique
1038 530 1152 615 possit.
1198 530 1255 594 sed
1282 535 1385 611 certe,
1412 530 1471 595 nisi

194 661 258 701 uno
287 639 358 702 loco
387 660 438 701 me
466 642 624 720 tenerem,
654 659 809 723 magnum
837 638 1018 724 perieulum
1041 637 1111 721 ipse
1135 635 1291 721 Lepidus,
1320 658 1473 723 magnum

195 767 232 807 ea
256 766 330 827 pars
354 743 514 808 exercitus
534 744 648 827 adiret,
672 767 754 829 quae
778 746 859 809 bene
884 746 922 809 de
946 766 980 808 re
1004 767 1034 827 p.
1058 744 1173 828 sentit3
1197 765 1352 830 magnam
1376 744 1475 808 etiam

194 850 310 932 perditi
336 849 449 914 hostes
473 851 689 915 accessionem
720 850 783 914 sibi
811 850 978 934 fecissent,
1009 851 1036 915 si
1064 874 1145 935 quas
1174 851 1284 936 copias
1309 873 1329 914 a
1351 848 1475 934 Lepido

195 957 446 1022 abstraxissent:
484 980 565 1041 quae
599 957 627 1021 si
660 958 816 1022 adventus
850 981 941 1023 meus
973 958 1182 1043 represserit,
1220 978 1317 1043 agam
1350 957 1511 1047 gratiass

193 1064 345 1128 fortunae
369 1064 637 1148 constantiaeque
661 1086 759 1149 meae,
784 1087 866 1148 quae
890 1087 941 1129 me
965 1064 1003 1128 ad
1028 1064 1112 1130 hanc
1136 1064 1371 1148 experientiam
1396 1065 1477 1129 exci-

160 1189 174 1233 4
195 1172 286 1234 tavit.
324 1171 434 1256 itaque
455 1194 481 1235 a.
501 1172 528 1235 d.
550 1190 596 1235 xv
617 1169 655 1234 Κ.
675 1171 744 1234 Iun.
768 1172 809 1235 ab
833 1170 925 1236 Isara
948 1175 1057 1236 castra
1079 1169 1180 1253 moyi3
1203 1175 1337 1254 pontem
1357 1175 1478 1244 tamen,

195 1301 290 1362 (quem
314 1279 348 1342 in
371 1278 463 1342 Isara
492 1278 646 1363 feceram,
676 1278 820 1343 castellis
849 1279 975 1343 duobus
1004 1277 1044 1342 ad
1073 1276 1182 1361 capita
1211 1277 1330 1360 positis
1359 1276 1478 1361 reliqui

195 1386 419 1469 praesidiaque
449 1385 496 1449 ibi
524 1386 618 1449 firma
648 1387 756 1469 posui,
786 1391 824 1449 ut
851 1385 997 1450 venienti
1024 1382 1128 1448 Bruto
1159 1384 1380 1468 exercituique
1409 1382 1478 1447 eius

195 1492 263 1556 sine
297 1515 389 1556 mora
422 1493 580 1556 transitus
618 1496 704 1557 esset
735 1498 877 1577 paratus.
928 1492 1011 1577 ipse,
1047 1496 1087 1555 ut
1118 1513 1227 1575 spero,
1264 1490 1379 1555 diebus
1405 1508 1479 1574 vlu,
1493 1515 1516 1552 10

196 1599 312 1681 quibus
335 1598 395 1662 has
419 1599 548 1663 litteras
572 1599 698 1691 dampna
722 1622 795 1664 cum
819 1598 933 1719 Lepidi
957 1599 1061 1683 copiis
1084 1620 1136 1662 me
1159 1599 1365 1684 coniungam.

717 1777 803 1844 mx.
842 1774 948 1865 (405.)

649 1918 809 1987 cronno
833 1917 1021 1985 aarum.

163 2081 174 2126 1
286 2063 490 2147 Quamquam
514 2064 695 2148 gratiarum
717 2065 878 2128 actionem
903 2086 923 2127 a
945 2066 978 2127 te
1000 2084 1067 2127 non
1090 2063 1324 2145 desiderabam,
1347 2084 1424 2127 cnm
1448 2068 1482 2126 te

195 2192 229 2234 re
253 2170 324 2255 ipsa
348 2175 445 2254 atque
469 2171 578 2234 animo
607 2170 723 2235 scirem
747 2192 817 2235 esse
842 2169 1078 2256 gratissimum,
1108 2174 1219 2235 tamen
1241 2207 1287 2216 -
1308 2169 1480 2233 fatendum
1498 2192 1521 2230 a

195 2282 246 2342 est
269 2279 355 2341 enim
373 2277 501 2342 —fuit
524 2277 666 2341 ea‘mihi
690 2278 903 2361 periucunda3
928 2276 974 2341 sic
998 2277 1085 2341 enim
1110 2276 1300 2360 vidi,.quasi
1325 2297 1372 2358 ea,
1398 2297 1482 2359 quae

196 2384 299 2448 oculis
332 2390 524 2468 cernuntur,
556 2407 607 2448 me
641 2407 660 2447 a
692 2390 725 2448 te
758 2383 867 2448 amari.
908 2384 1017 2473 Qec:
1050 2383 1146 2467 ‘quid
1178 2382 1313 2447 anteal’
1350 2403 1482 2466 semper

196 2492 359 2574 equidem,
383 2491 438 2555 sed
462 2513 640 2574 numquam
663 2491 845 2554 inlustrius.
892 2490 1023 2553 litterae
1046 2495 1122 2554 tuae
1145 2489 1341 2554 mirabiliter
1363 2494 1482 2573 gratae

196 2603 273 2661 sunt
292 2598 419 2662 senatui
436 2635 477 2642 ——
494 2620 566 2662 cum
587 2599 683 2662 rebus
702 2597 793 2681 ipsis,
815 2619 897 2680 quae
916 2601 1010 2661 erant
1029 2595 1242 2682 gravissimae
1261 2599 1295 2659 et
1308 2595 1483 2677 maximae,

162 2811 317 2874 aliarum
342 2815 439 2894 atque
459 2812 640 2875 verborum.
683 2810 749 2895 sed,
771 2811 816 2874 mi
836 2810 964 2893 Plance,
987 2809 1148 2892 incumbe,
1170 2812 1208 2873 ut
1231 2807 1307 2873 belli
1332 2812 1483 2873 extrema

198 2918 362 3000 perficias:
395 2916 428 2980 in
460 2917 523 2982 hoc
557 2916 620 2981 erit
652 2940 779 2982 summa
811 2923 845 2981 et
877 2918 985 3002 gratia
1015 2920 1048 2980 et
1078 2914 1191 3001 gloria
1238 2915 1333 3000 cupio
1367 2917 1483 2980 omnia

198 3025 243 3087 rei
264 3047 293 3106 p.
313 3046 424 3108 causa3
448 3025 504 3088 sed
527 3024 727 3088 mehercules
751 3024 785 3087 in
809 3047 846 3087 ea
871 3022 1091 3088 conservanda
1109 3023 1174 3086 iam
1194 3021 1393 3106 defetigatus
1414 3044 1482 3086 non

198 3129 301 3192 multo
325 3130 397 3212 plus
421 3131 547 3212 patriae
571 3131 664 3194 faveo
689 3151 785 3213 quam
806 3132 881 3193 tuae
905 3128 1041 3213 gloriae,
1064 3129 1156 3193 cuius
1180 3128 1356 3192 maximam
1379 3129 1482 3193 facul-

197 3239 298 3298 tatem
331 3236 392 3299 tibi
425 3237 470 3299 dii
502 3236 719 3317 immortales,
750 3239 787 3297 ut
817 3255 926 3317 spero,
958 3234 1087 3317 dedere,
1119 3257 1217 3318 quam
1250 3234 1481 3318 complectere,
1495 3260 1521 3296 25

198 3362 346 3424 opsecr03
370 3343 425 3425 qui
446 3343 531 3406 enim
550 3343 732 3407 Antonium
752 3342 961 3426 oppresserit,
980 3341 1009 3405 is
1028 3342 1090 3405 hoc
1109 3342 1232 3406 bellum
1251 3341 1482 3405 taeterrimum

197 3449 571 3533 periculosissimumque
596 3448 779 3513 confecerit.

731 3625 801 3690 xx.
838 3623 940 3712 (444.)

655 3767 811 3833 cronno
835 3766 1020 3832 raiaco.

164 3931 173 3974 1
289 3913 340 3976 lta
362 3917 456 3975 erant
480 3913 599 3996 omnia,
622 3933 704 3994 quae
727 3910 817 3974 istim
842 3909 1084 3994 adferebantur,
1108 3910 1241 3992 incerta,
1265 3913 1310 3993 ut,
1334 3911 1414 3994 quid
1439 3911 1479 3975 ad
1494 3934 1520 3972 44

199 4024 231 4082 te
251 4019 436 4103 scriberem,
458 4041 524 4083 non
544 4021 741 4100 occurreret3
764 4018 860 4081 modo
880 4019 975 4100 enim,
998 4040 1080 4101 quae
1100 4016 1264 4098 vellemus,
1287 4016 1325 4080 de
1346 4016 1481 4101 Lepido,

199 4127 293 4189 modo
319 4131 432 4189 contra
454 4126 704 4208 nuntiabantur3
731 4125 769 4189 de
793 4130 825 4188 te
849 4129 958 4188 tamen
986 4124 1074 4188 fama
1098 4128 1263 4207 constans,
1290 4144 1350 4187 nec
1372 4124 1480 4208 decipi

288 4323 311 4372 1.
331 4316 397 4387 nisi]
422 4317 446 4370 si
465 4319 613 4371 Manutius
636 4325 659 4370 44
680 4318 796 4387 Madvig)
821 4318 905 4386 (‘adc.
925 4318 997 4371 crit?
1019 4317 1056 4369 Ill
1072 4335 1101 4385 p.
1118 4321 1188 4384 163).
1226 4316 1353 4370 Rutilius
1375 4322 1480 4369 44444444)

199 4389 252 4441 nisi
268 4408 321 4457 pro
340 4406 384 4442 me
403 4392 526 4442 tenemm
547 4390 649 4443 colebat
667 4393 837 4442 meteremur
863 4389 872 4454 Ι)
900 4392 923 4442 6.
943 4404 1023 4441 meae
1042 4404 1115 4455 quae
1134 4405 1177 4441 me
1198 4388 1240 4453 H,
1266 4402 1402 4454 meaeque
1423 4387 1461 4440 M
1472 4392 1480 4455 {³

199 4466 221 4514 ἵ
243 4461 416 4527 4444111444
437 4478 462 4514 u
483 4461 546 4529 Μ)
573 4477 646 4517 ιιιις
674 4463 683 4526 Ι)
710 4463 803 4513 castra
828 4457 904 4511 moui
928 4460 974 4527 M
1003 4459 1079 4512 moui
1107 4463 1201 4513 castra
1223 4459 1257 4512 Η
1280 4461 1290 4526 1)
1317 4464 1341 4511 8.
1366 4457 1480 4511 duobus

198 4551 247 4585 4444.
270 4532 321 4599 11))
337 4538 377 4585 10
398 4531 500 4584 transit
503 4550 519 4584 u
488 4532 575 4584 Μ
585 4534 594 4599 Ι)
614 4537 655 4585 18.
674 4549 826 4598 numquam
845 4531 904 4596 ΜΟ,
923 4538 954 4583 at
972 4533 1037 4596 vid,
1056 4549 1089 4600 ecc·
1108 4548 1193 4583 unum
1213 4531 1377 4597 quamllt).
1398 4528 1478 4598 sunt]

199 4603 310 4655 ftuerun
328 4605 379 4656 alii
398 4606 406 4670 Ι)
425 4602 545 4656 maxime
565 4602 630 4656 ΜΗ
648 4606 657 4669 l
678 4608 720 4656 20.
740 4573 910 4672 grauitatem
929 4603 964 4654 Μ
983 4604 992 4669 Ι)
1015 4607 1056 4655 21
1077 4587 1182 4655 bellil
1164 4603 1214 4655 dal
1236 4601 1331 4670 Ktcyu
1350 4605 1392 4669 (p
1408 4603 1480 4668 44)

198 4681 239 4725 23.
261 4674 418 4726 mehercule
438 4675 638 4741 conseruando,
658 4692 707 4727 44444.
723 4673 753 4725 in
767 4691 808 4740 ea
825 4672 878 4739 11))
892 4679 933 4725 '25
955 4672 1121 4725 immortalis
1139 4674 1173 4726 M
1186 4676 1195 4741 Ι)
1209 4671 1310 4753 dedere
1339 4671 1480 4724 dederunt

201 4745 292 4797 Orelli.
312 4747 346 4810 cf.
367 4746 443 4799 Neue
462 4746 506 4797 ll·
522 4751 618 4814 paco
641 4748 650 4815 Ι)
673 4752 714 4799 30.
734 4743 812 4796 istim
831 4744 867 4796 M
885 4743 1009 4810 (istinc
998 4763 1029 4796 444
1048 4762 1131 4813 asp.
1120 4745 1187 4813 ΜΟ)
1211 4742 1273 4795 istis
1346 4744 1423 4811 ))32.
1444 4742 1479 4797 de

200 4816 228 4866 te
248 4816 307 4884 444.)
327 4834 380 4868 444444
401 4823 459 4869 44444
478 4835 528 4870 cur
548 4836 577 4869 444
596 4817 872 4870 4444444444441444444444
892 4815 992 4868 Bartcr
