3286 5460
641 373 678 428 M.
698 372 804 426 TVLLI
823 368 1013 425 CICERONIS

740 623 779 689 x.
814 623 919 710 (roo.)

591 783 781 851 oramus
805 782 1017 850 oronnam
1042 782 1073 849 a.

160 952 170 995 1
282 929 366 997 Sane
390 954 488 1016 quam
511 929 631 994 litteris
655 927 689 994 O.
709 928 815 994 Cassii
839 931 872 992 et
893 925 1042 992 Deiotari
1066 950 1177 992 snmus
1202 928 1374 1014 commoti3
1396 949 1472 992 nam

192 1038 324 1105 Cassius
352 1039 398 1104 cis
427 1038 620 1122 Euphraten
653 1036 763 1120 copias
792 1035 990 1099 Parthorum
1018 1057 1088 1099 esse
1117 1034 1262 1120 scripsit,
1294 1033 1473 1100 Deiotarus

192 1147 355 1231 profectas
389 1167 445 1229 per
473 1142 726 1228 Commagenem
755 1142 791 1206 in
820 1141 1022 1226 provinciam
1048 1146 1204 1206 nostram.
1251 1163 1313 1228 ego
1343 1141 1474 1226 quidem
1501 1170 1513 1207 a

192 1254 403 1338 praecipuum
427 1255 558 1334 metum,
582 1250 667 1334 quod
692 1250 732 1314 ad
756 1254 788 1314 te
813 1249 989 1332 attinebat,
1011 1248 1122 1335 habui,
1145 1249 1201 1334 qui
1225 1248 1351 1332 scirem,
1375 1271 1476 1333 quam

192 1364 327 1445 paratus
356 1360 397 1422 ab
426 1358 571 1422 exercitu
604 1379 705 1441 esses,
737 1379 776 1421 ne
810 1357 897 1440 quod
928 1356 982 1421 hic
1015 1355 1176 1420 tumultus
1209 1354 1365 1440 dignitati
1399 1360 1476 1420 tuae

197 1466 375 1550 periculum
408 1465 564 1529 adferret:
596 1487 672 1528 nam
704 1465 743 1528 de
777 1463 858 1547 vita,
891 1464 919 1528 si
952 1463 1098 1548 paratior
1127 1464 1168 1527 ab
1198 1463 1343 1529 exercitu
1377 1485 1478 1547 esses,

195 1573 394 1657 timuissem3
426 1594 512 1636 nunc
539 1572 620 1636 haec
652 1571 814 1657 exiguitas
847 1571 1014 1655 copiarum
1042 1591 1218 1653 recessum,
1249 1591 1316 1634 non
1344 1570 1477 1635 dimica-

197 1681 319 1744 tionem
342 1678 422 1742 mihi
447 1683 536 1742 tuam
560 1678 800 1763 praesagiebat3
829 1679 891 1743 hoc
919 1678 1081 1761 quomodo
1110 1678 1294 1763 acciperent
1316 1677 1479 1761 homines,
1496 1706 1520 1742 ιο

197 1810 295 1871 quam
318 1786 498 1870 probabilis
521 1786 701 1850 necessitas
725 1784 836 1850 lutura
859 1789 957 1870 esset,
989 1807 1100 1850 vereor
1123 1786 1224 1851 etiam
1245 1808 1346 1866 nunc,
1373 1807 1480 1871 neque

162 1894 287 1979 sprins
311 1893 457 1958 desinam
481 1893 665 1976 formidare,
689 1916 786 1976 quam
810 1893 960 1978 tetigisse
980 1898 1012 1957 te
1031 1892 1161 1957 Italiam
1184 1893 1324 1958 audiero.
1363 1893 1421 1958 sed
1442 1894 1482 1957 de

197 2002 394 2066 Parthorum
418 2000 560 2064 transitu
588 2000 695 2064 nuntii
724 2000 832 2065 varios
860 2021 1025 2064 sermones
1053 2000 1249 2065 excitarunt:
1279 2000 1363 2065 alius
1391 2001 1483 2066 enim

198 2107 390 2192 Pompeium
419 2107 628 2190 mittendum,
657 2107 741 2171 alius
766 2106 806 2170 ab
830 2107 910 2172 urbe
933 2106 1127 2191 Pompeium
1148 2130 1214 2172 non
1238 2109 1483 2193 removendum,

199 2215 281 2279 alins
306 2213 479 2285 Caesarem
508 2235 581 2278 cum
606 2236 664 2278 suo
695 2214 852 2297 exercitu,
881 2214 964 2278 alius
993 2214 1156 2298 consules,
1183 2236 1280 2279 nemo
1309 2220 1422 2279 tamen
1446 2238 1486 2280 ex
1502 2239 1527 2277 rs

200 2327 332 2386 senatus
357 2322 507 2385 consulto
532 2320 688 2406 privatos.
736 2321 885 2385 consules
910 2325 1028 2404 autem,
1055 2321 1131 2405 quia
1154 2325 1315 2406 verentur,
1338 2344 1379 2386 ne
1404 2322 1487 2387 illud

201 2433 334 2493 senatus
358 2428 543 2491 consultum
568 2428 642 2511 fiat,
666 2432 703 2491 ut
726 2427 874 2511 paludati
898 2433 1014 2492 exeant
1038 2432 1072 2492 et
1096 2427 1330 2494 contumeliose
1354 2434 1489 2514 praeter

201 2558 256 2600 eos
291 2536 330 2599 ad
363 2535 463 2598 alium
496 2556 548 2599 res
580 2533 798 2598 transferatur
804 2586 813 2618 ,
851 2535 984 2599 omnino
1022 2539 1171 2599 senatum
1209 2535 1321 2600 haberi
1359 2536 1489 2621 nolunt,

202 2664 304 2726 usque
327 2664 373 2724 eo,
397 2646 435 2705 ut
457 2663 574 2726 parum
593 2640 766 2725 diligentes
790 2642 825 2704 in
847 2663 882 2705 re
905 2641 1036 2726 publica
1056 2641 1239 2728 videantur3
1262 2644 1317 2709 sed
1337 2643 1489 2728 honeste,

203 2750 271 2814 sive
290 2748 498 2835 neglegentia
517 2749 584 2813 sive
604 2748 757 2813 inertiast
777 2749 844 2813 sive
867 2750 933 2834 ille,
957 2772 1053 2834 quem
1074 2750 1239 2834 proposui,
1263 2755 1380 2835 metus,
1403 2752 1530 2816 latetis

203 2857 263 2921 sub
287 2858 347 2921 hac
371 2855 606 2940 temperantiae
625 2854 867 2921 existimatione
890 2857 977 2921 nolle
1001 2857 1210 2941 provinciam.
1253 2881 1273 2922 a
1296 2862 1329 2922 te
1353 2858 1489 2924 litterae

202 2986 269 3028 non
289 2967 455 3045 venerunt,
479 2966 521 3042 et,
544 2961 608 3025 nisi
628 2961 776 3026 Deiotari
795 2964 988 3029 subsecutae
1008 2968 1127 3049 essent,
1150 2965 1184 3028 in
1207 2987 1278 3029 eam
1298 2965 1489 3050 opinionem

206 3068 338 3134 Cassius
371 3069 538 3151 veniebat,
573 3090 654 3152 quae
687 3068 877 3152 diripuisset
909 3070 994 3154 ipse,
1027 3075 1064 3135 ut
1097 3071 1283 3136 viderentur
1314 3072 1356 3136 ab
1390 3071 1489 3137 hoste

205 3180 348 3259 vastata,
376 3175 508 3240 finxisse
537 3175 658 3240 bellum
682 3181 715 3241 et
739 3178 864 3241 Arabas
889 3177 923 3240 in
946 3177 1147 3262 provinciam
1176 3176 1340 3244 inmisisse
1365 3198 1489 3263 eosque

207 3283 346 3346 Parthos
371 3304 441 3346 esse
466 3284 591 3347 senatui
614 3283 832 3347 renuntiasse:
856 3305 955 3367 quare
979 3284 1041 3348 tibi
1065 3285 1193 3367 suadeo,
1217 3285 1413 3369 quicumque
1438 3290 1491 3350 est
1505 3307 1532 3344 aa

206 3390 281 3454 istic
305 3394 412 3454 status
431 3413 547 3472 rerum,
571 3392 745 3477 diligenter
769 3395 802 3456 et
825 3396 918 3455 caute
942 3391 1136 3476 perscribas,
1158 3414 1198 3455 ne
1223 3395 1280 3456 aut
1303 3391 1491 3456 velificatus

171 3496 329 3581 saliquoi
358 3496 475 3560 dicaris
505 3503 562 3561 aut
590 3497 726 3581 aliquid,
761 3500 848 3581 quod
876 3498 1011 3562 referret
1039 3498 1147 3581 sciroi,
1180 3498 1357 3563 reticuisse.
1402 3521 1494 3564 nunc

208 3603 314 3668 exitus
347 3607 397 3666 est
431 3604 521 3689 anni,
555 3627 630 3668 nam
663 3626 723 3689 ego
757 3605 817 3669 has
849 3604 978 3670 litteras
1011 3628 1038 3669 a.
1066 3605 1095 3668 d.
1124 3624 1202 3670 271111
1230 3605 1269 3670 K.
1297 3605 1492 3671 Decembris

209 3711 332 3794 scripsi.
379 3711 473 3795 plane
497 3712 578 3775 nihil
604 3711 698 3775 video
722 3716 798 3774 ante
823 3711 859 3774 K.
884 3711 1052 3775 Ianuarias
1076 3712 1131 3798 agi
1154 3734 1264 3797 posse:
1292 3713 1382 3777 nosti
1405 3713 1493 3778 Mar-

209 3817 340 3900 cellum,
370 3840 465 3900 quam
496 3818 608 3881 tardus
637 3822 669 3882 et
698 3840 812 3901 parum
838 3817 951 3882 efficax
976 3818 1033 3903 sit,
1062 3819 1205 3903 itemque
1230 3817 1362 3884 Servius
1391 3838 1532 3903 quamso

209 3927 392 4004 cunctator,
427 3925 606 3988 cuiusmodi
639 3929 735 4009 putas
767 3925 828 3988 hos
861 3947 931 3989 esse
964 3930 1021 3989 aut
1053 3948 1149 4008 qnam
1180 3926 1228 4002 id,
1252 3926 1337 4010 quod
1370 3926 1490 4011 nolint,

300 4122 323 4169 3.
344 4115 446 4188 Cassii]
467 4116 588 4170 caesaris
609 4117 642 4169 M
659 4119 668 4184 11
690 4106 720 4171 5.’
734 4117 961 4189 Commagenem]
981 4117 1185 4187 commaginem
1205 4119 1245 4172 M.
1284 4118 1494 4192 Commagenen

211 4206 272 4241 cnm
291 4205 306 4245 ς
327 4189 500 4258 ll'escaberq,
527 4190 591 4254 sort.
619 4195 687 4242 lecte
721 4191 730 4256 11
765 4195 788 4242 6.
810 4194 832 4242 7.
853 4207 938 4256 quam
963 4189 1119 4259 imparatus
1138 4191 1295 4245 dictitantcr
1313 4192 1486 4260 Lambinusi

213 4266 235 4311 7.
257 4257 407 4328 dignitatis
427 4260 462 4311 M
477 4262 487 4327 11
506 4264 530 4312 8.
551 4265 575 4312 9.
595 4261 669 4312 esset
687 4258 829 4313 timuisset
848 4261 882 4313 M
899 4266 908 4325 11
930 4267 970 4314 12.
991 4260 1134 4343 tetigisset
1151 4259 1262 4314 italiam
1281 4261 1395 4329 Μ118.
1414 4279 1492 4318 exer·

213 4329 337 4382 citarunt
356 4331 468 4397 Μ1115.
486 4335 525 4383 16.
547 4347 580 4383 ex
599 4332 699 4383 senatu
719 4331 849 4384 consultu
863 4332 975 4398 Μ1116.
992 4337 1032 4385 17.
1053 4331 1125 4385 illud
1143 4335 1257 4385 senatus
1276 4333 1422 4387 consultus
1438 4335 1475 4389 Μ

214 4406 255 4454 17.
274 4400 405 4470 plaudati
428 4403 460 4454 Μ
475 4405 484 4470 11
498 4402 538 4471 et]
560 4403 609 4454 aut
628 4403 687 4456 alii.
719 4411 787 4457 recle
806 4405 893 4458 locum
911 4406 1059 4473 explicavit
1076 4404 1173 4473 Lange
1193 4404 1270 4458 ‘rom
1285 4405 1415 4459 Alteri)
1436 4405 1494 4459 111²

210 4491 238 4540 p.
255 4476 305 4524 389
329 4477 337 4538 11
362 4479 465 4527 1718.
488 4475 600 4542 praeter
619 4476 679 4541 eos]
703 4476 815 4542 praeter
837 4490 868 4527 os
888 4475 1023 4544 Plapqcrs
1042 4478 1068 4543 (1
1086 4494 1113 4545 p.
1130 4478 1205 4544 ⁴270),
1235 4474 1307 4548 (se)
1331 4476 1493 4545 praeteritis

215 4544 329 4613 Madeiq
354 4547 439 4610 (adv.
459 4546 530 4599 crit'
552 4544 589 4596 Ill
610 4565 639 4614 p.
658 4548 719 4613 160)
746 4547 755 4611 11
783 4552 823 4599 18.
849 4545 952 4599 habere
976 4549 1079 4601 conieci
1102 4565 1167 4599 oria.
1187 4548 1284 4615 philol.
1306 4551 1376 4600 1886
1391 4567 1420 4629 p.
1437 4553 1471 4601 66

214 4621 256 4666 20.
276 4613 378 4667 inertia
402 4618 445 4669 est
463 4617 512 4668 Me
535 4618 544 4683 11
568 4622 609 4668 22.
634 4615 743 4669 deiotar
763 4618 799 4668 Μ
817 4621 826 4682 11
849 4622 891 4671 23.
917 4617 1049 4671 ueniebat
1072 4620 1112 4672 nel
1136 4621 1252 4671 uenerat
1276 4635 1305 4684 ς,
1333 4622 1433 4673 ueniat
1451 4620 1492 4673 M.

215 4687 249 4749 cf.
269 4687 348 4754 Burq
367 4706 393 4754 p.
410 4694 442 4737 33
458 4692 466 4754 11
481 4687 528 4751 abl
549 4688 586 4739 ad
605 4689 641 4741 Μ
656 4691 665 4752 11
684 4693 725 4741 27).
744 4691 841 4757 partos
861 4689 896 4740 M
907 4694 915 4755 11
930 4688 1120 4742 renuntiasset
1139 4689 1251 4758 Μ1126.
1272 4696 1314 4743 27.
1334 4690 1494 4745 balificatns

217 4753 360 4879 alilqnitM
384 4763 393 4824 11
421 4764 463 4811 27.
487 4759 636 4811 referretur
660 4758 745 4813 sciret
771 4759 930 4813 reticuisset
954 4761 989 4812 M
1009 4761 1091 4829 (scire
1115 4763 1141 4829 ς)
1168 4763 1177 4828 11
1205 4767 1247 4815 31.
1271 4760 1335 4832 hos]
1361 4762 1415 4816 hoc
1439 4763 1476 4816 Μ

215 4844 251 4878 no
264 4844 301 4878 un
333 4845 348 4883 ς
