3286 5460
687 367 900 423 PRAEFATIO.
1376 371 1438 426 XXI

157 529 316 614 epistulas
341 554 414 595 oum
437 553 521 596 unus
546 531 682 615 quisque
706 530 860 596 librarius
879 532 908 596 si
927 533 1004 617 quid
1024 555 1043 596 a
1061 554 1096 596 se
1115 539 1283 616 peccatum
1303 534 1439 599 vidisset

157 635 211 720 (H
215 636 255 721 ¹),
287 642 357 701 11111
387 643 551 704 corrector
581 639 713 722 quidam
741 638 886 723 aequalis
914 639 965 704 oui
992 643 1125 725 praesto
1154 645 1224 704 erat
1252 641 1496 725 eremplumll¹

157 743 371 828 archetypum
395 743 490 831 (Ηῖ),
521 751 591 809 tum
616 745 812 830 aliquotiens
837 769 951 811 manus
975 747 1132 831 quaedam
1157 768 1238 811 saec.
1257 746 1319 812 XV
1344 744 1545 832 (ΗΒ).ΗἨ3

156 872 222 914 101
247 855 356 915 101101
380 852 500 935 ubique
525 851 574 916 Η1
600 856 634 916 01
658 853 693 916 H
698 850 710 888 ²
734 858 822 918 certo
842 852 1044 939 distinguere
1063 854 1165 937 potui,
1188 853 1322 918 fallente
1343 876 1437 938 saepe

157 958 261 1022 musei
289 956 472 1044 Britannici
505 982 562 1043 per
588 959 745 1023 Martium
779 982 922 1024 mensem
954 960 1034 1025 luce.
1085 961 1131 1025 rei
1165 959 1438 1047 orthographicae

155 1064 247 1128 nulla
266 1066 461 1149 constantia,
480 1071 679 1152 quapropter
698 1066 760 1130 huc
780 1067 979 1150 pertinentia
998 1067 1102 1132 multa
1120 1066 1224 1132 omisi.
1254 1067 1318 1133 fuit
1337 1068 1438 1133 codex

157 1171 236 1236 olim
263 1170 408 1237 Coloniae
430 1172 465 1236 in
488 1173 624 1239 ecclesia
647 1172 839 1256 cathedrali,
868 1173 925 1237 ubi
948 1195 1021 1237 eum
1051 1174 1190 1238 contulit
1217 1175 1438 1239 intercedente

156 1277 333 1343 Melchiore
344 1278 513 1365 Hittorpio
523 1280 621 1344 Ianus
633 1278 827 1344 Gulielmius
841 1317 878 1327 —
892 1303 955 1364 qua
969 1302 1007 1344 ex
1022 1281 1196 1345 collatione
1211 1279 1438 1364 ‘Hittorpiani'

156 1385 233 1449 libri
266 1386 429 1472 scriptura
456 1386 601 1452 adfertur
624 1387 658 1452 in
681 1386 878 1451 editionibus
904 1385 1101 1452 Gruteriana
1124 1392 1156 1451 et
1180 1386 1363 1453 Graeviana
1389 1426 1438 1473 -,

156 1497 271 1575 postea
281 1516 338 1576 per
348 1493 474 1578 aliquot
484 1516 585 1558 anuos
596 1494 629 1558 in
641 1493 841 1558 bibliotheca
850 1491 990 1559 Graevii.
1015 1495 1165 1558 dixerunt
1175 1499 1251 1579 post
1262 1494 1437 1559 Oehlerum

157 1598 241 1683 (1.0.)
256 1622 359 1683 nuper
373 1601 411 1664 de
426 1622 464 1665 eo
480 1600 567 1665 auhl
582 1599 617 1686 (1.
632 1600 683 1687 0.),
698 1600 824 1684 Tyrrell
840 1599 902 1686 (ed.
917 1605 940 1664 t.
955 1599 990 1665 Ι2
1004 1624 1034 1685 p.
1047 1602 1150 1685 7400,
1164 1600 1195 1664 II
1210 1624 1240 1685 p.
1250 1599 1438 1686 havisa),

157 1703 256 1770 Clark
277 1704 313 1792 (l.
333 1728 358 1770 c.
382 1730 412 1791 p.
432 1706 559 1790 lvsqa
601 1707 726 1772 contuli
750 1730 777 1771 a.
799 1704 925 1794 18821)

247 1812 421 1877 Harleiano
455 1813 517 1878 hoc
550 1836 623 1879 cum
655 1814 764 1879 codiee
793 1815 1033 1897 componendus
1062 1819 1113 1879 est
1142 1815 1198 1898 qui
1228 1814 1318 1878 varia
1345 1819 1436 1879 tenet

156 1919 322 1984 Ciceronis
355 1920 511 2005 opuscula
538 1921 747 2001 Erfurtensia
780 1942 865 1985 nunc
894 1921 1107 1986 Berolinensis
1134 1920 1190 1984 lat.
1213 1920 1268 1985 fol.
1288 1922 1366 1985 252:
1398 1922 1478 2006 ΕΡ

156 2026 290 2090 membr.
314 2049 338 2090 s.
357 2025 532 2110 XllsXlIl,
556 2027 611 2091 alt.
636 2028 794 2112 0011149,
820 2027 876 2092 101.
895 2029 951 2110 31,
980 2027 1066 2113 binis
1095 2027 1255 2092 columnis
1284 2049 1436 2092 versuum

155 2182 228 2237 ultro
247 2182 399 2237 memoriae
418 2200 448 2237 se
462 2182 543 2237 offert
558 2183 805 2255 Laureshameusis
819 2183 868 2238 ille
883 2184 932 2254 qui
946 2201 1044 2254 reapse
1059 2188 1121 2238 erat
1135 2184 1176 2237 ‘in
1190 2184 1435 2252 quaternionibus’

155 2266 189 2320 lv.
235 2253 313 2322 .VI).
351 2270 435 2323 quem
457 2254 604 2309 Harleiani
627 2254 714 2309 fuisse
737 2258 847 2326 patrem
875 2259 906 2309 ut
932 2272 968 2309 ne
988 2255 1031 2309 uit
1058 2255 1244 2309 demonstrari
1272 2255 1314 2309 ita
1341 2256 1436 2326 putari

155 2273 336 2379 1111110101
355 2325 450 2395 patria
468 2328 543 2380 certe
562 2327 670 2395 eadem,
688 2326 706 2382 i.
722 2344 745 2382 e.
765 2326 954 2381 occidentales
969 2273 1140 2381 Germaniae
1179 2330 1262 2380 artes.
1417 2397 1423 2407 p

245 2399 272 2463 1)
291 2413 352 2450 0000
372 2396 491 2451 eundem
504 2397 689 2452 Harleianum
708 2398 782 2452 hunc
800 2400 886 2466 atque
903 2396 1136 2468 ‘Hittorpianum'
1152 2346 1264 2452 Gruteri
1279 2401 1309 2451 et
1323 2397 1436 2451 Graevii

156 2470 219 2548 post
253 2466 359 2521 Clarkii
389 2467 570 2537 quaestiones
604 2469 632 2537 (1.
653 2486 675 2524 c.
695 2488 722 2539 p.
742 2470 767 2523 V
785 2473 838 2538 sq.)
865 2487 915 2539 pro
944 2471 1019 2522 certo
1048 2468 1140 2537 dicere
1167 2468 1244 2522 licet.
1286 2467 1436 2523 abicienda

155 2539 242 2607 igitur
259 2537 346 2592 etiam
361 2539 492 2608 Tyrrellii
511 2539 578 2609 (Cic.
598 2558 640 2610 ep.
656 2540 682 2594 11
696 2559 722 2610 p.
738 2540 847 2594 LXXIX
863 2544 916 2609 sq.)
935 2539 1030 2609 opinio
1049 2557 1106 2608 qua
1114 2539 1163 2593 vir
1182 2539 1308 2594 eruditus
1322 2542 1437 2609 propter

156 2608 329 2664 differentias
348 2610 485 2679 quasdam
505 2611 579 2664 inter
592 2611 737 2665 Harleiani
756 2611 923 2681 scripturam
941 2614 970 2664 et
984 2610 1097 2664 Graevii
1112 2610 1146 2664 de
1161 2610 1341 2680 Hittorpiano
1355 2609 1434 2665 testi-

157 2680 249 2736 monia
268 2680 473 2736 intercedentes
493 2682 595 2736 statuit
613 2683 687 2736 hunc
706 2700 740 2736 ex
758 2683 807 2736 illo
826 2699 887 2737 esse
906 2682 1106 2751 transcriptum
1124 2685 1160 2748 (v.
1181 2682 1273 2747 iufra).
1311 2684 1435 2736 ceterum

157 2752 189 2806 de
208 2751 328 2807 Grutero
348 2755 376 2807 et
395 2753 514 2808 Graevio
534 2753 666 2808 addenda
684 2754 761 2809 haec.
795 2753 968 2824 Hittorpiani
988 2752 1092 2807 codicis
1111 2752 1227 2808 collatio
1246 2750 1436 2807 Gulielmiana

158 2823 276 2894 repetita
296 2827 340 2878 est
358 2828 387 2878 et
400 2842 418 2877 a
431 2824 550 2879 Grutero
580 2858 589 2863 -
614 2825 658 2878 vel
676 2825 770 2894 potius
786 2825 944 2893 Gebhardo‚
964 2824 988 2877 is
1003 2823 1077 2878 enim
1092 2824 1165 2878 hanc
1179 2823 1311 2878 editionis
1326 2827 1435 2893 partem

157 2894 266 2949 curavit
286 2928 317 2935 -
338 2897 402 2950 eta
423 2895 557 2964 Graevio‚
576 2896 612 2950 ab
632 2896 682 2950 illo
701 2896 815 2964 quidem
833 2895 875 2950 110
894 2900 926 2950 11
944 2896 1063 2951 00100100
1082 2895 1220 2964 quasdam
1239 2913 1273 2949 ex
1292 2894 1436 2949 Gulielmii

157 2965 272 3021 materie
296 2967 366 3021 satis
389 2967 507 3021 haberet
530 2968 640 3021 adferre
664 2967 869 3022 adnotationes.
908 2984 959 3021 nec
981 2965 1073 3036 magis
1092 2965 1229 3020 Graevius
1253 2966 1282 3020 in
1306 2965 1435 3036 epistulis

159 3037 248 3106 ipsum
271 3037 392 3091 contulit
415 3038 554 3106 codicem,
578 3055 613 3092 110
637 3055 669 3093 eo
694 3038 808 3107 quidem
829 3041 953 3109 tempore
973 3054 1111 3107 quocum
1129 3037 1206 3092 domi
1225 3038 1362 3104 habebat,
1386 3038 1435 3091 sed

158 3108 215 3162 ise
239 3125 349 3177 quoque
373 3109 491 3163 recurrit
513 3109 550 3163 ad
573 3112 697 3165 veterem
720 3110 800 3164 illam
819 3109 962 3164 Gulielmii
985 3108 1179 3177 collationem,
1203 3125 1237 3163 ex
1260 3125 1317 3177 qua
1339 3111 1435 3163 tamen

184 3179 236 3233 'tto
271 3179 330 3234 iani
350 3180 516 3261 scripturam
532 3179 622 3234 multo
636 3181 810 3250 frequentius
825 3182 917 3235 adfert
931 3197 1015 3250 quam
1030 3179 1203 3234 Gebhardus.
1233 3196 1305 3249 quae
1320 3178 1434 3233 collatio

158 3250 247 3320 quisi
267 3250 278 3303 1
298 3251 434 3321 obtigerit
452 3251 512 3321 ipse
530 3252 623 3321 aperit
640 3253 727 3322 praef.
748 3253 791 3308 cd.
813 3258 880 3306 1677
901 3255 930 3307 01
951 3257 1017 3306 1693
1037 3257 1094 3320 p.3
1114 3251 1183 3305 hacc
1203 3250 1339 3305 scribens:
1365 3250 1435 3305 ‘edi-

158 3321 240 3377 tionis
254 3322 457 3376 Lambinianae
477 3340 540 3376 eum
558 3322 644 3377 variis
664 3322 789 3392 antiquis
808 3322 888 3376 libris
907 3341 925 3377 a
942 3322 1111 3394 politissimo
1126 3320 1176 3376 1110
1191 3322 1258 3375 1010
1273 3321 1435 3376 Guilielmio

159 3397 185 3447 et
211 3411 275 3448 cum
299 3393 437 3448 Palatinis
466 3411 483 3447 a
507 3396 624 3448 Grutero
654 3393 827 3464 compositae
855 3394 966 3464 copiam
994 3392 1063 3446 mihi
1086 3393 1155 3447 fecit
1177 3392 1220 3446 vir
1243 3392 1434 3462 amplissimus

158 3464 274 3519 Ioannes
293 3465 398 3532 Sirius,
424 3464 554 3519 scabinus
573 3465 845 3520 Amsterodamensis
863 3464 1047 3535 gravissimus
1067 3468 1096 3519 01
1115 3464 1318 3519 doctissimus':
1342 3463 1435 3532 ipsum

161 3533 166 3544 ’
188 3536 243 3589 'tur
270 3535 341 3589 illud
368 3535 508 3590 Ciceronis
537 3536 708 3605 exemplum,
736 3538 765 3590 iu
794 3554 848 3606 quo
877 3536 1005 3591 codicum
1033 3535 1201 3590 varietatem
1230 3536 1435 3589 adnotaverant

181 3606 322 3661 ulielmius
345 3611 499 3677 posteaque
518 3606 619 3662 Gruter
642 3609 772 3677 quodque
795 3607 841 3661 hic
859 3607 1049 3662 bibliothecae
1069 3605 1327 3661 Amsterodamensi
1350 3605 1434 3659 desti-

160 3681 274 3732 neverat
297 3688 332 3746 (v.
358 3678 418 3732 eius
442 3679 505 3733 adn.
531 3679 567 3732 ad
586 3678 641 3733 Cic.
661 3680 695 3733 de
715 3696 753 3734 or.
773 3680 807 3746 ΙΙ,
826 3680 884 3747 47),
908 3678 1027 3733 Graevio
1046 3679 1181 3733 utendum
1219 3677 1364 3732 ermissum
1384 3679 1433 3730 est.

160 3766 227 3818 quae
247 3749 362 3803 Graevii
384 3749 458 3804 ratio
480 3750 591 3804 facilem
611 3750 697 3805 habet
716 3749 931 3820 explicationem
950 3749 1090 3818 inpriore
1109 3749 1183 3818 epist
1213 3766 1293 3802 arum
1311 3748 1435 3802 editione

160 3837 182 3875 a.
201 3825 270 3874 1677
295 3821 398 3874 emissa
419 3854 449 3861 -—
471 3822 671 3875 frustra'enim
696 3821 876 3875 laboraverat
899 3825 931 3875 ut
950 3820 1055 3875 codicis
1075 3819 1247 3874 Coloniensis
1267 3818 1434 3888 inspiciendi

160 3891 270 3945 daretur
292 3895 431 3960 potestas,
457 3911 480 3947 v.
505 3910 547 3961 ep.
574 3898 624 3945 113
647 3896 684 3962 (p.
705 3900 754 3945 151
775 3893 893 3960 Β11111.),
918 3898 968 3945 123
992 3894 1028 3960 (p.
1051 3897 1124 3960 169),
1150 3897 1201 3944 111
1224 3895 1260 3960 (p.
1283 3895 1357 3956 171),
1383 3896 1434 3942 125

160 3968 193 4032 ip.
210 3967 272 4031 171)
300 3997 305 4000 ·
334 4009 340 4027 ,
363 3963 456 4016 minus
480 3964 641 4032 expeditam
665 3963 693 4016 in
718 3964 808 4017 altera
832 3981 849 4016 a
878 3969 946 4016 1693
970 3963 1094 4044 prodita:
1119 3963 1222 4032 quippe
1245 3961 1293 4014 ille
1313 3960 1378 4013 inde
1398 3961 1434 4013 ab

161 4051 229 4087 anno
251 4039 320 4088 1688
344 4035 419 4088 domi
443 4035 570 4088 habebat
593 4035 683 4104 ipsum
703 4035 896 4089 Coloniensem
920 4035 1045 4099 codicem
1065 4033 1274 4100 adhibebatque
1293 4031 1433 4085 Ciceronis

160 4105 331 4159 orationibus
352 4111 387 4164 iv.
407 4106 492 4160 Clark
510 4125 536 4175 p.
551 4106 595 4173 X).
628 4106 728 4173 quodsi
748 4106 778 4159 in
796 4106 898 4159 iterata
918 4104 1101 4175 epistularum
1121 4104 1242 4158 editione
1262 4103 1353 4156 denuo
1368 4120 1434 4154 usus

160 4184 198 4230 est
221 4179 316 4230 vetere
338 4176 389 4229 illa
408 4176 573 4245 collatione,
598 4195 652 4230 non
671 4194 745 4231 nova
763 4194 826 4244 sua,
846 4178 918 4230 ratio
938 4176 978 4230 rei
997 4194 1046 4229 nos
1066 4175 1151 4244 fugit:
1175 4174 1321 4244 probabile
1341 4176 1435 4226 tamen

160 4252 219 4317 post
237 4248 378 4317 specimen
398 4251 539 4317 sumptum
560 4247 703 4302 Gulielmii
722 4248 801 4301 illam
820 4265 933 4317 operam
953 4251 1013 4301 tam
1032 4250 1193 4301 accuratam
1209 4245 1299 4298 visam
1315 4245 1434 4298 Graevio

160 4322 188 4372 ut
213 4323 304 4373 totam
334 4336 531 4388 recognoscere
557 4318 652 4374 nollet.
696 4323 760 4373 utut
783 4322 837 4384 est,
866 4319 895 4372 in
919 4319 1031 4372 Graevii
1057 4316 1239 4388 epistularum
1263 4315 1434 4369 editionibus

162 4390 327 4460 Hittorpiani
354 4389 492 4461 scriptura
515 4391 633 4444 refertur
656 4407 711 4444 non
734 4407 767 4443 ex
791 4390 905 4459 propria
928 4391 976 4443 sed
1000 4407 1034 4443 ex
1053 4388 1195 4442 Gulielmii
1218 4387 1382 4451 collatione.
1407 4389 1436 4441 01

161 4462 274 4516 refertur
296 4479 401 4531 magna
424 4479 487 4516 oum
511 4461 699 4531 neglegentia.
737 4477 809 4529 quae
831 4461 1012 4531 neglegentia
1035 4478 1098 4513 curn
1117 4458 1205 4512 multo
1224 4476 1271 4511 rna
1294 4459 1315 4511 's
1334 4459 1435 4512 cadere

160 4531 286 4587 videatur
308 4533 338 4585 in
361 4533 511 4587 Graevium
535 4551 619 4601 quam
645 4532 673 4584 in
697 4531 877 4587 Gulielmium
902 4533 947 4597 (of.
968 4531 1051 4586 Clark
1070 4550 1095 4599 p.
1111 4530 1161 4582 Vll
1176 4536 1241 4596 sqji,
1266 4530 1356 4594 ilius,
1380 4547 1435 4582 non

160 4602 238 4657 huius
266 4609 381 4673 peccato
411 4604 537 4658 evenisse
565 4604 683 4657 dixerim
713 4621 774 4656 eam
798 4621 870 4671 quae
894 4602 1061 4671 'l'yrrellium
1086 4600 1202 4654 offendit
1225 4600 1299 4655 inter
1321 4600 1435 4655 Graevii

160 4674 367 4728 adnotationem
386 4679 415 4728 01
432 4675 573 4729 Harleiani
594 4675 762 4755 scripturam
777 4674 1003 4744 discrepantiam.
1023 4675 1191 4726 -ceterum
1211 4673 1297 4726 codex
1318 4690 1351 4726 ne
1371 4675 1435 4741 post

161 4749 274 4799 irrortem
297 4746 411 4814 quidem
431 4746 543 4800 Graevii
563 4746 774 4800 Coloniensibus
798 4749 842 4799 cst
864 4745 1004 4811 redditus,
1029 4744 1077 4798 sed
1101 4745 1199 4797 eadem
1223 4745 1354 4812 deinceps
1374 4744 1435 4796 fata

160 4815 256 4872 babuit
275 4820 359 4887 atque
377 4816 546 4871 Harleianus
566 4823 635 4871 1773
655 4821 691 4886 (v.
711 4836 737 4887 p.
753 4816 842 4870 XVIII
861 4816 924 4870 adn.
946 4819 980 4885 1).
