3286 5460
592 383 848 439 EPISTVLARVM
867 385 899 440 v.
920 392 961 440 14.
982 391 1023 442 15.
1044 392 1084 442 16.
1415 390 1477 453 117

199 548 288 631 quod
321 547 480 633 vinclum,
515 569 653 633 quaeso,
689 548 761 613 dest
792 553 924 615 nostrae
957 551 1217 616 coniunctionis?
1263 575 1477 636 possumusne

199 655 304 740 igitur
327 676 397 719 esse
420 655 507 720 una‘l
542 677 602 721 nee
621 655 803 721 mehercule
828 657 994 743 intellego,
1018 658 1094 742 quid
1119 659 1288 744 impediat3
1312 661 1367 724 sed
1391 665 1478 726 certe

199 761 306 826 adhuc
328 782 394 826 non
417 761 548 848 fuimus,
571 784 644 827 cum
669 784 813 827 essemus
836 763 935 828 vieini
958 764 992 828 in
1015 764 1209 850 Tusculano,
1232 766 1266 830 in
1284 766 1477 852 Puteolan03

198 892 274 934 nam
298 869 376 954 quid
400 869 506 934 dicam
529 869 564 934 in
587 868 688 934 urbe?
726 869 760 933 in
784 891 861 954 qua,
889 889 962 935 cum
991 871 1099 935 forum
1123 893 1292 937 commune
1316 873 1373 958 sit,
1401 874 1477 938 vici-

170 977 285 1042 snitaa
312 996 379 1040 uon
407 975 593 1060 requiritur.
639 975 695 1040 sed
724 997 801 1041 casu
832 977 941 1040 neseio
971 998 1034 1060 quo
1063 977 1097 1041 in
1124 998 1163 1041 ea
1190 982 1337 1062 tempora
1363 984 1512 1046 nostras

198 1088 289 1148 aetas
317 1082 444 1167 incidit,
472 1086 524 1160 ut,
558 1103 631 1146 cum
660 1081 799 1146 maxime
827 1084 942 1148 florere
971 1105 1031 1148 nos
1059 1087 1238 1167 oporteret,
1271 1089 1342 1150 tum
1369 1087 1476 1152 vivere

197 1191 299 1254 etiam
322 1189 471 1274 puderet3
499 1188 586 1273 quod
609 1188 696 1254 enim
719 1211 789 1254 esse
812 1194 943 1274 poterat
965 1190 1047 1254 milri
1069 1189 1255 1276 perfugium
1280 1193 1419 1276 spoliato
1444 1198 1477 1258 et

196 1295 386 1362 domesticis
411 1300 444 1361 et
467 1292 651 1360 forensibus
675 1297 875 1361 ornamentis
898 1302 996 1382 atque
1020 1296 1172 1362 solaciis?
1209 1297 1348 1384 litterae,
1372 1301 1476 1384 credo,

197 1403 318 1488 quibus
345 1406 423 1505 utor
450 1401 593 1487 assidue,
621 1402 699 1486 quid
727 1401 814 1468 enim
843 1404 931 1468 aliud
953 1404 1059 1469 faeere
1087 1404 1245 1488 possum?
1282 1407 1337 1470 sed
1366 1407 1475 1473 nescio

164 1510 360 1594 ioquomodo
384 1506 474 1592 ipsae
502 1508 577 1572 illae
605 1509 773 1574 excludere
797 1532 848 1574 me
872 1533 892 1573 a
915 1514 1012 1594 portu
1036 1514 1070 1574 et
1092 1510 1242 1596 perfugio
1271 1512 1421 1577 videntur
1444 1520 1477 1579 et

196 1616 292 1700 quasi
316 1614 525 1700 exprobrare,
555 1615 641 1700 quod
664 1616 699 1680 in
722 1637 760 1680 ea
784 1615 852 1680 vita
874 1638 1037 1701 maneam,
1058 1615 1094 1681 in
1117 1639 1182 1701 qua
1204 1617 1287 1682 nihil
1310 1618 1389 1684 insit
1412 1621 1475 1685 nisi

194 1723 391 1808 propagatio
415 1722 590 1813 miserrimi
613 1723 780 1807 temporis.
821 1724 875 1789 hic
899 1728 936 1788 tu
958 1747 1010 1788 me
1034 1724 1147 1790 abesse
1172 1726 1251 1790 urbe
1276 1726 1418 1810 miraris,
1442 1727 1474 1791 in
1495 1744 1510 1791 4

194 1853 262 1914 qua
289 1831 404 1895 domus
434 1828 517 1893 nihil
545 1828 705 1894 delectare
735 1829 854 1914 possit,
885 1851 1048 1894 summum
1077 1831 1122 1895 sit
1149 1831 1259 1895 odium
1291 1825 1475 1917 temporum

193 1936 380 2017 homiuum,
403 1935 467 2001 fori
491 1935 620 2001 curiae?
657 1933 768 2020 itaque
792 1935 838 2001 sic
863 1936 984 2001 litteris
1007 1941 1097 2022 utor,
1119 1938 1153 2002 in
1177 1939 1295 2022 quibus
1320 1961 1474 2006 consumo

143 2068 170 2106 15
191 2065 292 2108 omne
312 2048 452 2128 tempus,
474 2064 541 2107 non
558 2047 596 2107 ut
618 2042 659 2106 ab
683 2042 730 2107 eis
750 2043 942 2108 medicinam
966 2048 1166 2128 perpetuam,
1189 2045 1245 2109 sed
1265 2049 1302 2110 ut
1325 2046 1474 2132 exiguam

189 2150 395 2214 oblivionem
409 2149 532 2214 doloris
546 2153 664 2234 petam.
698 2149 785 2233 quod
803 2150 831 2214 si
851 2151 883 2214 id
902 2150 1083 2235 egissemus
1097 2141 1158 2236 ego
1175 2155 1272 2235 atque
1289 2156 1324 2217 tu
1336 2154 1476 2236 -quod
1495 2172 1511 2219 5

183 2279 234 2321 ne
258 2256 294 2320 in
317 2261 459 2321 mentem
483 2256 613 2341 quidem
636 2255 732 2320 nobis
755 2257 907 2321 veniebat
929 2262 1064 2342 propter
1087 2258 1269 2323 cotidianos
1294 2264 1400 2324 metus
1427 2298 1476 2341 -,

181 2385 291 2428 omne
324 2367 453 2447 tempus
486 2385 552 2427 una
585 2363 774 2449 fuissemus,
811 2387 915 2449 neque
945 2387 996 2430 me
1026 2365 1177 2429 valetudo
1209 2369 1266 2429 tua
1298 2366 1476 2432 offenderet

176 2491 300 2554 neque
324 2474 357 2534 te
380 2492 508 2535 maeror
526 2491 626 2534 meus.
666 2470 761 2555 quod,
790 2476 948 2554 quantum
972 2471 1043 2535 fieri
1068 2471 1200 2556 poterit,
1223 2493 1474 2558 consequamur3

173 2577 272 2661 (prid
293 2576 379 2641 enim
398 2581 450 2641 est
467 2575 598 2660 utrique
621 2582 772 2643 nostrum
796 2577 926 2661 aptius?
963 2577 1150 2663 propediem
1173 2582 1205 2642 te
1229 2578 1331 2664 igitur
1349 2580 1473 2646 videbo.

732 2781 820 2847 xvi.
857 2779 938 2868 (ee.)

584 2922 626 2988 u.
651 2920 811 2989 oroneo
837 2922 869 2989 s.
893 2924 933 2989 o.
956 2923 1083 2989 eiuro.

282 3064 357 3130 Etsi
380 3087 464 3131 unus
488 3088 528 3157 ex
551 3067 703 3131 omnibus
726 3067 859 3131 minime
883 3089 956 3131 sum
979 3067 1020 3131 ad
1043 3072 1075 3131 te
1100 3068 1333 3134 consolandum
1352 3089 1507 3136 socom-1

159 3172 361 3255 nodatus,
389 3173 474 3255 quod
503 3177 632 3238 tantum
656 3196 694 3237 ex
718 3173 784 3237 tuis
813 3174 974 3239 molestiis
1002 3174 1072 3258 cepi
1101 3174 1237 3260 doloris,
1265 3180 1302 3240 ut
1330 3179 1473 3241 consola-

158 3279 282 3346 tione
307 3277 376 3363 ipse
400 3300 544 3366 egerem,
571 3285 695 3365 tamen,
723 3302 796 3345 cum
816 3279 955 3366 longius
979 3303 998 3344 a
1021 3281 1140 3345 summi
1164 3281 1271 3346 luctus
1295 3284 1474 3348 acerbitate

151 3400 285 3452 Irieus
314 3385 444 3451 abesset
472 3386 565 3452 dolor
593 3408 690 3472 quam
719 3390 809 3473 tuus,
839 3388 940 3451 statui
969 3391 1099 3452 nostrae
1127 3389 1375 3454 necessitudinis
1403 3413 1473 3454 esse

154 3508 348 3576 lneaeque
372 3492 407 3556 in
430 3496 463 3556 te
486 3493 724 3559 benivolentiae
747 3514 813 3557 non
836 3497 944 3559 tacere
967 3497 1061 3558 tanto
1085 3494 1119 3557 in
1142 3499 1199 3559 tuo
1223 3517 1369 3560 maerore
1394 3501 1473 3560 tam-

146 3600 263 3683 diu,
298 3597 354 3662 sed
387 3597 540 3664 adhibere
573 3599 717 3685 aliquam
750 3600 910 3665 modicam
943 3600 1215 3682 consolationem,
1252 3623 1333 3685 quae
1366 3603 1472 3667 levare

148 3706 339 3772 dolorem
368 3709 461 3769 tuum
488 3710 614 3791 posset,
642 3707 669 3770 si
698 3707 805 3771 minus
834 3729 948 3772 sanare
976 3707 1147 3789 potuisset.
1189 3711 1240 3771 est
1264 3712 1371 3773 autem
1401 3731 1508 3777 eon-2

157 3813 316 3880 &olatio
339 3813 533 3898 pervulgata
556 3813 687 3897 quidem
711 3814 769 3878 illa
793 3814 945 3897 maxime,
969 3835 1066 3898 quam
1090 3835 1217 3897 semper
1239 3814 1273 3878 in
1297 3836 1352 3878 ore
1376 3819 1473 3899 atque

146 3913 223 3985 in
249 3919 360 4013 animo
389 3918 509 3985 habere
537 3921 705 4005 debemus,
736 3920 884 3985 homines
911 3943 971 3985 nos
995 3925 1032 3985 ut
1055 3942 1124 3984 esse
1153 3921 1408 4004 meminerimus,
1436 3945 1474 3985 ea

144 4016 263 4112 lege
292 4028 405 4108 natos,
438 4032 475 4090 ut
504 4027 654 4091 omnibus
688 4026 763 4091 telis
797 4027 946 4092 fortunae
979 4028 1148 4111 proposita
1181 4028 1225 4092 sit
1253 4028 1320 4092 vita
1352 4033 1473 4112 nostra,

284 4224 308 4271 1.
327 4234 432 4285 quaeso
452 4219 532 4272 deest
549 4220 632 4286 Rvet,
657 4238 727 4287 qrias
745 4225 748 4287 Ι
766 4223 794 4287 (u
812 4238 846 4273 ca·
864 4238 894 4287 o,
912 4228 944 4274 nt
962 4222 1030 4286 ried,
1056 4239 1088 4274 ru.
1106 4223 1131 4288 1)
1150 4219 1179 4272 id
1199 4224 1242 4274 est
1261 4222 1306 4287 M,
1331 4220 1412 4288 qnasi
1432 4224 1475 4274 est

146 4291 247 4346 GR
262 4292 271 4358 ΙΙ
285 4288 478 4343 coniunctioni
497 4292 548 4344 elii
561 4293 571 4357 ΙΙ
585 4298 608 4344 2.
630 4299 703 4345 una?
723 4291 921 4362 (possumus).
941 4309 992 4344 nec
1012 4293 1177 4358 Lambinus,
1198 4301 1271 4344 rina?
1290 4309 1346 4345 non
1366 4294 1473 4346 ll'esen-

141 4353 254 4432 berp
276 4365 286 4428 ΙΙ
311 4369 335 4415 4,
355 4359 423 4428 quid
445 4362 512 4428 GR,
536 4362 611 4429 quod
631 4363 668 4415 M
686 4366 696 4431 ΙΙ
720 4369 760 4417 11,
781 4363 934 4432 exprobare
954 4363 1015 4417 MG
1038 4365 1047 4430 ΙΙ
1073 4369 1114 4417 12.
1135 4365 1165 4415 tu
1185 4381 1229 4415 me
1253 4365 1320 4429 Gn,
1345 4367 1411 4416 tuae
1431 4365 1472 4430 M,

145 4425 218 4504 {nu
245 4449 292 4485 me
317 4432 353 4485 ab
377 4448 412 4485 ea
437 4432 608 4502 Wesenberg,
632 4436 663 4486 tu
687 4451 721 4486 ea
744 4450 788 4488 me
811 4436 863 4488 ulii
890 4437 899 4501 ΙΙ
928 4439 968 4487 13,
990 4432 1170 4487 delectari&
1197 4438 1206 4500 ΙΙ
1235 4441 1274 4486 15.
1301 4433 1352 4504 eie]
1377 4434 1421 4487 his
1439 4437 1473 4502 o,

146 4506 222 4558 lis
250 4505 304 4558 alii
330 4506 340 4570 l
370 4508 410 4557 16.
435 4503 465 4556 id
488 4521 538 4559 om.
563 4505 590 4558 It
617 4507 627 4572 l
656 4510 696 4559 18.
721 4507 813 4575 omne]
843 4506 916 4576 (ut)
946 4523 1026 4559 omne
1051 4506 1134 4572 Rost,
1161 4504 1227 4576 (si)
1257 4522 1337 4558 omne
1367 4507 1473 4571 Baiter,

994 4579 1045 4609 enlin

157 4618 300 4673 insana
320 4624 390 4686 pulo
422 4622 431 4687 ll
466 4625 508 4674 20.
533 4619 606 4672 enim
631 4624 674 4672 est
697 4622 742 4687 M,
771 4625 815 4674 est
837 4621 912 4673 enim
937 4622 976 4690 G,
999 4623 1043 4673 est
1067 4619 1106 4673 ΕΙ
1134 4622 1143 4686 ΙΙ
1171 4624 1296 4673 nostrum
1320 4639 1370 4675 om.
1396 4622 1451 4676 GR

155 4689 232 4744 22,
258 4689 295 4742 M.
326 4706 377 4742 om.
401 4691 429 4744 R
461 4692 470 4758 ΙΙ
503 4690 576 4763 (Τ.)
599 4690 673 4745 Titio
702 4694 753 4746 alii
780 4695 789 4759 ΙΙ
818 4698 859 4746 23.
880 4699 921 4746 ⁶24.
947 4690 1193 4744 accommodentur
1217 4693 1263 4758 M,
1293 4692 1399 4745 -andus
1423 4694 1451 4746 Il

165 4763 233 4816 27,
254 4777 382 4813 maerore
401 4762 475 4827 Md,
496 4761 591 4815 dolore
610 4764 638 4817 R
657 4765 666 4829 ll
685 4770 726 4815 28.
748 4763 882 4817 adhibere
902 4765 941 4830 G,
961 4770 985 4817 et
1003 4763 1061 4831 R’,
1086 4762 1181 4816 hibere
1203 4764 1276 4818 MR*
1300 4766 1309 4833 ΙΙ
1332 4769 1374 4819 32.
1394 4763 1473 4818 utin

171 4831 322 4886 omnibus
342 4831 371 4887 R
393 4835 403 4901 ΙΙ
426 4832 571 4902 proposita
590 4832 627 4887 sit
647 4834 701 4889 GR
708 4877 714 4902 ,
733 4834 847 4904 proposi
867 4835 903 4888 M
