3286 5460
197 372 260 436 236
647 368 684 424 Μ.
704 367 810 421 TVLLI
829 369 1018 426 CICERONIS

196 535 446 621 impudentius';
477 534 569 618 atqui
596 538 748 599 neutrum
773 539 824 599 est
848 557 1032 620 opscenum.
1079 531 1255 598 stultorum
1279 529 1379 616 plena
1401 533 1476 593 sunt

197 642 319 708 omnia:
352 642 485 707 ‘testes'
518 639 653 706 verbum
685 641 953 707 honestissimum
983 643 1018 706 in
1047 640 1182 719 iudicio,
1214 638 1279 704 alio
1310 637 1384 703 loeo
1411 657 1475 699 non

197 751 307 832 nimis,
336 752 369 813 et
396 749 525 813 honesti
554 747 646 812 ‘colii
671 747 839 834 Lanuini',
867 747 1075 814 ‘Cliternini'
1103 768 1169 811 non
1191 744 1331 810 honesti.
1378 741 1475 827 quid?

197 858 268 940 ipsa
291 879 342 920 res
366 856 461 920 modo
485 855 638 940 honesta,
666 855 762 919 modo
786 856 905 940 turpis:
934 855 1106 940 suppedet,
1134 852 1296 936 flagitium
1320 853 1385 934 est3
1410 847 1476 913 iam

162 963 259 1027 serit
291 964 395 1027 nudus
428 961 462 1025 in
494 960 627 1045 balneo,
663 984 729 1026 non
765 964 947 1046 reprendes.
997 961 1099 1025 habes
1135 957 1281 1024 scholam
1315 955 1476 1022 Stoicam:
1501 969 1555 1011 5

197 1071 215 1135 ὁ
239 1070 343 1152 σοφὸς
366 1068 662 1153 εὐθυρρημονήσει.
710 1091 807 1151 quam
832 1070 935 1133 multa
963 1092 1002 1133 ex
1030 1090 1094 1132 uno
1118 1067 1217 1131 verbo
1242 1065 1314 1128 tuo!
1358 1067 1392 1127 te
1420 1063 1477 1127 ad-

197 1198 308 1241 versus
332 1198 382 1240 me
407 1175 516 1239 omnia
540 1175 655 1239 audere
680 1179 810 1261 gratum
835 1181 897 1240 est:
928 1197 989 1262 ego
1018 1196 1111 1239 servo
1140 1177 1173 1238 et
1201 1170 1337 1236 servabo
1364 1170 1477 1234 —sie

197 1281 281 1346 enim
306 1282 436 1346 adsuevi
461 1320 502 1326 —
528 1281 676 1346 Platonis
704 1284 944 1367 verecundiam,
973 1283 1083 1365 itaque
1112 1279 1209 1345 tectis
1238 1276 1346 1343 verbis
1375 1298 1414 1340 ea
1436 1275 1477 1340 ad

197 1392 229 1452 te
259 1389 387 1472 scripsi,
416 1410 498 1472 quae
526 1388 742 1472 apertissimis
772 1395 875 1475 agunt
899 1388 1013 1472 Stoici,
1042 1388 1097 1452 sed
1124 1387 1175 1450 illi
1204 1385 1303 1451 etiam
1331 1383 1477 1466 crepitus

198 1496 289 1559 aiunt
321 1516 422 1577 aeque
454 1494 575 1559 liberos
605 1518 642 1560 ao
670 1499 781 1560 ructus
812 1518 882 1561 esse
913 1498 1072 1578 oportere.
1118 1493 1276 1558 honorem
1303 1490 1409 1576 igitur
1437 1488 1477 1553 Κ.
1491 1514 1555 1555 ιω

198 1600 336 1665 Martiis.
383 1605 419 1663 tu
443 1622 494 1665 me
518 1600 635 1687 diliges
659 1606 693 1666 et
716 1603 848 1668 valebis.

706 1814 826 1881 xxm.
863 1814 966 1902 (241.)

667 1955 825 2023 cronno
849 1957 1003 2023 Panno.

285 2100 370 2164 Here
396 2101 467 2165 veni
491 2101 524 2164 in
549 2099 743 2185 Cumanum3
767 2123 838 2166 oras
862 2102 902 2165 ad
926 2105 958 2165 te
981 2100 1134 2184 fortasse,
1158 2098 1226 2183 sed,
1250 2120 1325 2163 eum
1348 2101 1476 2161 eertum

197 2206 306 2290 sciam,
330 2207 499 2272 faciamte
518 2207 615 2290 paulo
635 2211 710 2271 ante
730 2208 916 2292 certiorem3
939 2207 1002 2272 etsi
1021 2206 1063 2272 M.
1085 2205 1272 2290 Caeparius,
1295 2225 1368 2268 cum
1393 2202 1475 2268 mihi
1490 2230 1512 2268 ιε

196 2313 230 2377 in
263 2313 344 2377 silva
377 2313 557 2378 Gallinaria
590 2315 720 2378 obviam
753 2315 896 2379 venisset
928 2315 1206 2399 quaesissemque,
1241 2310 1318 2395 quid
1351 2331 1477 2396 ageres,

197 2418 279 2483 dixit
309 2424 341 2483 te
374 2421 408 2484 in
441 2421 526 2485 lecto
559 2442 646 2505 esse,
679 2422 765 2504 quod
798 2444 836 2485 ex
868 2420 1006 2505 pedibus
1038 2421 1221 2503 laborares,
1255 2417 1317 2482 tuli
1350 2416 1477 2482 scilicet

199 2527 342 2610 moleste,
366 2531 403 2591 ut
427 2526 532 2612 debui,
556 2527 612 2591 sed
635 2531 745 2591 tamen
768 2528 924 2593 constitui
948 2529 988 2592 ad
1011 2532 1044 2591 te
1068 2527 1190 2604 venire,
1213 2529 1251 2590 ut
1273 2528 1308 2588 et
1330 2523 1476 2587 viderem

196 2635 228 2695 te
253 2637 285 2695 et
309 2633 446 2697 viserem
474 2637 507 2697 et
535 2656 683 2698 cenarem
712 2634 824 2716 etiam;
854 2657 920 2699 non
948 2635 1033 2698 enim
1062 2632 1204 2697 arbitror
1231 2653 1346 2696 eccum
1375 2630 1475 2695 etiam

196 2742 227 2799 te
265 2739 472 2802 arthriticum
508 2738 636 2804 habere.
692 2744 843 2824 exspecta
879 2741 981 2827 igitur
1022 2738 1187 2823 hospitem
1224 2760 1298 2802 curn
1337 2737 1473 2802 minime
1487 2761 1512 2800 ro

196 2843 334 2927 edacem,
359 2848 428 2907 tum
452 2843 619 2909 inimicum
643 2845 730 2909 cenis
755 2847 966 2930 sumptuosis.

703 3058 822 3123 xnv.
859 3057 962 3146 (sor.)

610 3199 769 3266 cronno
794 3200 937 3267 Panno
963 3201 994 3267 s.
1018 3202 1058 3267 n.

164 3354 174 3400 1
286 3339 406 3404 [tursum
428 3342 536 3424 istum,
560 3343 700 3408 amicum
719 3350 822 3428 tuum,
845 3346 966 3429 dequo
987 3345 1104 3410 iterum
1129 3345 1194 3408 iam
1213 3343 1253 3407 ad
1273 3365 1324 3407 me
1344 3342 1475 3426 scribis,

196 3446 394 3530 adiuvarem,
424 3454 580 3532 quantum
607 3472 749 3534 possem,
778 3451 906 3516 etiamsi
930 3453 971 3515 ab
995 3474 1033 3516 eo
1056 3452 1163 3516 laesus
1192 3471 1310 3534 essem,
1338 3472 1415 3515 oum
1438 3455 1513 3515 teas

195 3557 366 3637 tantopere
385 3555 527 3619 viderem
546 3555 615 3620 eius
635 3578 732 3620 causa
755 3557 917 3641 laborare3
941 3580 1012 3622 cum
1037 3580 1114 3622 vero
1138 3563 1233 3621 etex
1256 3557 1323 3621 tuis
1346 3556 1473 3621 litteris

195 3665 227 3722 et
251 3683 289 3723 ex
312 3660 400 3725 illius
429 3662 468 3725 ad
496 3684 547 3725 me
576 3662 684 3727 missis
711 3663 901 3749 intellegam
929 3670 962 3729 et
988 3665 1126 3729 iudicem
1154 3685 1291 3748 magnae
1320 3684 1417 3728 curae
1441 3663 1472 3727 ei

195 3766 332 3830 salutem
352 3790 457 3831 meam
481 3769 590 3852 fuisse,
614 3792 678 3833 non
698 3792 831 3852 possum
855 3772 882 3834 ei
906 3794 972 3835 non
994 3772 1116 3836 amicus
1136 3792 1215 3854 esse,
1238 3790 1342 3852 neque
1361 3768 1472 3834 solum

197 3877 252 3935 tua
276 3875 567 3957 commendatione,
591 3898 673 3958 quae
698 3876 781 3960 apud
807 3899 870 3960 me,
894 3883 931 3941 ut
953 3878 1064 3961 debet,
1089 3878 1174 3942 valet
1197 3876 1390 3961 plurimum,
1414 3877 1473 3941 sed

195 3980 294 4043 ctiam
327 3981 493 4044 voluntate
528 4003 563 4044 ac
598 3982 715 4046 iudicio
750 4005 829 4047 meo.
881 3986 955 4048 volo
983 3985 1069 4049 enim
1096 3988 1129 4047 te
1157 3984 1253 4065 scire,
1285 3983 1330 4046 mi
1359 3981 1472 4069 Paete,
1486 4006 1513 4044 ao

194 4087 324 4150 initium
354 4087 433 4150 mihi
463 4086 655 4170 suspicionis
684 4093 717 4152 et
746 4091 905 4154 cautionis
934 4096 966 4154 et
993 4089 1180 4175 diligentiae
1208 4089 1307 4153 fuisse
1338 4088 1471 4154 litteras

192 4197 278 4274 tuas,
311 4193 429 4276 quibus
461 4194 580 4258 litteris
614 4201 830 4279 congruentes
862 4197 994 4262 fuerunt
1022 4197 1104 4261 aliae
1132 4201 1247 4280 postea
1274 4195 1471 4260 multorum:

280 4391 303 4438 3.
324 4389 353 4438 ot
373 4387 539 4455 ll'eseaberp,
559 4389 588 4440 at
603 4387 639 4451 D,
660 4387 696 4439 ad
712 4388 779 4441 ΜΗ
790 4392 799 4456 ΙΙ
813 4387 878 4442 colii
897 4388 1018 4460 lanuini]
1038 4388 1109 4442 colei
1127 4387 1256 4441 lanuuini
1271 4404 1287 4446 ς
1302 4391 1311 4456 l
1325 4395 1350 4442 4.
1366 4406 1469 4459 suppe-

192 4455 240 4508 ‹let
263 4473 278 4511 ς
303 4464 327 4509 el
350 4457 462 4522 Baiter,
490 4458 646 4525 suppendot
672 4459 749 4525 MD,
778 4459 929 4528 suspendet
955 4461 993 4514 ll.
1031 4459 1163 4529 suppedit
1190 4462 1255 4525 olii,
1282 4462 1347 4525 sort.
1374 4461 1470 4530 rectet

192 4533 215 4579 5,
236 4526 341 4579 scolam
363 4530 392 4580 Ψ
404 4531 412 4595 ll
427 4534 450 4582 6,
472 4532 691 4598 ευθυρημονεσει
711 4531 751 4594 Μ,
772 4534 994 4600 ευθυρυμονησει
1014 4531 1075 4583 HD
1087 4534 1097 4599 ll
1112 4537 1134 4584 7.
1155 4533 1199 4584 est
1216 4547 1266 4584 orn.
1286 4530 1320 4583 H
1331 4533 1340 4598 ΙΙ
1356 4535 1398 4585 10.
1419 4532 1468 4586 ho·

191 4614 284 4649 norom
305 4599 345 4664 M,
364 4598 452 4651 honor
472 4602 514 4650 est
534 4600 594 4653 HD
608 4604 616 4668 ΙΙ
634 4608 694 4668 post
713 4600 800 4669 igitur
818 4605 946 4655 lucaman
964 4605 1062 4656 statuit
1081 4603 1240 4670 ll'eoenberp
1254 4604 1262 4668 ll
1278 4606 1318 4655 14.
1338 4600 1407 4656 here
1427 4603 1468 4670 M,

191 4667 248 4719 heri
271 4669 330 4721 HD
349 4670 419 4737 (ij
448 4672 456 4736 ll
486 4677 526 4722 15.
552 4670 604 4723 etsi
624 4673 668 4739 M,
695 4674 727 4722 ut
750 4671 788 4724 sis
808 4672 869 4724 HD
895 4677 903 4739 ll
932 4680 973 4727 ⁶31.
999 4674 1102 4741 sumpt}
1121 4672 1209 4734 uosis,
1236 4678 1248 4724 1
1270 4673 1321 4725 litt.
1341 4688 1388 4738 er,
1412 4674 1450 4727 Μ
1467 4678 1469 4739 l

191 4743 231 4789 23.
262 4741 287 4790 S
314 4739 343 4792 l).
364 4758 414 4793 ona
435 4741 495 4793 ΙΙΙ)
527 4745 535 4808 ll
568 4748 609 4795 24.
631 4742 750 4794 Rursum
778 4743 863 4796 istum
897 4745 1017 4798 amioum
1046 4762 1079 4798 aa
1102 4744 1222 4797 Rursum
1250 4742 1372 4796 amicum
1395 4744 1432 4798 H
1437 4746 1468 4776 ²'

191 4813 231 4858 25.
252 4826 363 4875 possum
385 4812 415 4863 ll
428 4814 436 4877 {l
451 4816 492 4864 26.
512 4815 591 4864 tanto
611 4829 693 4880 opere
712 4830 728 4871 ς
