3314 5460
198 126 219 189 4
653 122 691 179 M.
711 123 817 178 TVLLI
836 121 1024 179 CICERONIS

198 288 266 353 dies
285 287 536 353 honestissimus
553 287 649 352 nobis
668 286 777 351 fuerat
799 287 833 351 iu
852 291 981 371 senatu,
1003 287 1051 350 ite
1076 308 1149 350 sum
1167 308 1242 350 cum
1265 284 1323 350 illo
1343 284 1534 367 locutus—e

198 400 236 459 ut
259 395 340 460 mihi
359 394 486 460 viderer
509 394 653 458 animum
671 394 815 459 hominis
839 396 880 459 ab
905 395 993 459 omni
1018 393 1083 458 alie
1102 392 1301 478 cogitatione
1327 391 1368 456 ad
1391 397 1534 456 tuann

200 502 395 586 dignitatem
414 502 568 565 tuendam
587 501 769 565 traducere:
793 523 889 585 quem
908 521 970 585 ego
993 500 1101 584 ipsum
1125 522 1198 564 cum
1218 499 1324 581 audio,
1347 519 1534 584 prorsue

198 630 271 672 eum
295 608 398 673 libero
423 608 511 671 omui
535 606 719 691 suspicione
747 606 949 691 cupiditatis,
977 629 1052 671 cum
1075 610 1186 670 eutem
1208 607 1276 671 eius
1304 605 1534 671 familiares

199 715 344 778 omnium
361 715 512 779 ordinum
530 714 634 799 video,
652 714 824 800 perspicio,
842 715 875 779 id
894 714 980 797 quod
999 714 1064 777 iam
1084 713 1235 777 omnibus
1254 717 1305 778 est
1324 717 1533 803 apertumss:¹

199 825 303 885 totam
329 843 397 885 rem
426 821 525 885 istam
553 821 619 884 iam
647 819 773 904 pridem
796 844 816 886 a
842 820 941 886 certis
968 820 1156 885 hominibus
1184 842 1250 885 non
1277 821 1382 884 invito
1408 839 1533 905 rege-⁶.

167 927 269 1011 eipso
292 927 551 1010 consiliariisque
570 926 640 992 eius
663 950 734 992 esse
754 932 950 1012 corruptam.
992 926 1073 992 haee
1093 925 1209 1009 scripsi
1233 948 1260 990 a.
1284 926 1311 990 d.
1338 925 1422 991 XVI
1447 925 1517 989 K-

198 1033 393 1099 Februarias
417 1038 491 1097 ante
512 1033 629 1098 lucem:
652 1056 690 1098 eo
714 1035 765 1098 die
790 1038 922 1099 senatus
946 1037 1016 1097 erat
1035 1031 1173 1097 futurus.
1215 1055 1275 1097 nos
1298 1033 1333 1097 in
1358 1037 1533 1116 senatu,=

198 1140 470 1225 quemadmodum
494 1160 598 1224 spero,
622 1141 818 1226 dignitatem
837 1145 993 1223 nostram,
1017 1145 1054 1204 ut
1072 1143 1183 1223 potest
1206 1139 1240 1204 in
1263 1144 1359 1203 tana
1380 1139 1533 1203 homi-

198 1268 277 1311 num
295 1246 431 1330 perfidia
450 1249 483 1310 et
501 1246 685 1331 iniquitate,
704 1245 931 1329 retinebimus:
950 1245 1037 1329 quod
1056 1247 1095 1310 ad
1114 1245 1304 1330 popularem
1320 1245 1533 1311 rationem

200 1354 334 1438 attinet,
356 1353 418 1418 hoc
438 1353 585 1417 videmur
603 1374 674 1418 esse
693 1353 872 1436 consecuti,
895 1356 932 1416 ut
955 1374 995 1416 ne
1015 1353 1091 1436 quid
1111 1352 1166 1438 agi
1186 1374 1258 1417 oum
1277 1353 1402 1436 populo
1428 1357 1533 1416 aut-³

201 1460 301 1525 salvis
330 1460 483 1545 auspiciis
507 1465 564 1524 aut
587 1460 685 1524 salvis
714 1459 844 1545 legibus
867 1464 925 1523 aut
953 1458 1090 1543 denique
1120 1458 1189 1523 sine
1217 1458 1249 1522 vi
1277 1463 1400 1544 posset.
1448 1461 1532 1524 ἀμ

196 1566 248 1630 his
272 1567 369 1631 rebus
393 1567 511 1651 pridie,
539 1589 637 1652 quam
660 1566 740 1632 haec
764 1566 895 1651 scripsi,
923 1570 1054 1630 senatus
1083 1565 1263 1630 auctoritas
1286 1566 1504 1651 gravissima

197 1673 397 1757 intercessit,
427 1673 479 1739 cui
508 1696 606 1757 quom
630 1672 713 1739 Cato
741 1677 775 1737 et
802 1671 959 1738 Caninius
989 1673 1263 1756 intercessissent,
1293 1676 1406 1736 temen
1435 1677 1488 1738 est

196 1781 392 1864 perscripta3
415 1802 485 1844 eam
510 1780 549 1844 ad
574 1785 607 1844 te
627 1781 760 1845 missam
784 1802 854 1845 esse
878 1781 1033 1845 arbitror:
1057 1781 1096 1844 de
1120 1779 1236 1844 ceteris
1260 1779 1374 1864 rebus,
1397 1778 1487 1864 quic-

198 1887 275 1969 quid
295 1887 358 1950 erit
377 1891 500 1972 actum,
523 1887 664 1952 scribam
683 1888 723 1952 ad
743 1891 775 1951 te
795 1891 843 1971 et,
866 1892 903 1951 ut
922 1910 1020 1972 quam
1039 1887 1219 1951 rectissime
1238 1889 1370 1970 agatur,
1393 1886 1485 1950 omni

198 2015 271 2058 mea
295 2017 373 2059 cura
396 2017 508 2079 opera,
531 1995 704 2080 diligentia
727 1995 835 2080 gratia
857 1995 1043 2078 providebo.
1067 2031 1076 2049 ·

751 2227 810 2291 m
842 2225 925 2314 (25.)

398 2370 463 2453 <n
487 2369 648 2437 cronno
675 2368 706 2434 a.
731 2369 770 2434 n.
795 2368 827 2432 Ρ.
852 2367 1058 2434 nsurvno
1084 2366 1284 2452 procos>

172 2531 183 2576 r
289 2512 327 2576 Α.
352 2513 527 2597 Trebonio,
551 2513 607 2597 qui
629 2513 664 2577 in
687 2517 745 2576 tua
768 2512 936 2596 provincia
960 2532 1078 2596 magna
1101 2511 1234 2597 negotia
1257 2516 1290 2575 et
1314 2512 1427 2596 ampla
1449 2515 1517 2576 eto

199 2619 350 2700 expedita
372 2618 485 2701 habet,
509 2620 630 2683 multos
651 2641 753 2683 annos
777 2623 853 2683 utor
876 2619 968 2682 valde
991 2617 1209 2682 familiariter:
1232 2618 1262 2684 is
1286 2641 1360 2684 oum
1385 2623 1484 2684 antea

200 2745 326 2807 semper
345 2728 378 2787 et
402 2745 460 2788 suo
480 2726 649 2808 splendore
674 2730 706 2789 et
729 2731 841 2790 nostra
860 2729 1104 2810 ceterorumque
1124 2725 1301 2791 amicorum
1321 2746 1483 2792 commen-

199 2829 330 2894 datione
357 2831 616 2915 gratiosissimus
640 2832 674 2895 in
697 2832 865 2915 provincia
888 2832 965 2916 fuit,
995 2837 1065 2896 tum
1090 2832 1153 2897 hoc
1176 2837 1322 2916 tempore
1345 2838 1483 2917 propter

200 2939 292 2999 tuum
312 2937 346 3000 in
367 2960 418 3002 me
438 2959 581 3002 amorem
599 2942 810 3023 nostramque
829 2939 1099 3004 uecessitudinem
1119 2938 1327 3004 vehementer
1345 2939 1483 3003 confidit

169 3041 251 3107 abis
282 3044 363 3108 meis
395 3044 515 3109 litteris
546 3067 580 3109 se
610 3046 695 3130 apud
725 3050 758 3110 te
791 3045 971 3132 gratiosum
1004 3045 1087 3127 fore,
1120 3068 1202 3130 quae
1231 3067 1272 3109 ne
1302 3067 1378 3130 spes
1408 3067 1518 3110 cumr:

200 3147 306 3233 fallat,
335 3151 542 3216 vehementer
569 3173 649 3237 rogo
674 3157 707 3216 te
735 3153 989 3237 commendoque
1018 3152 1080 3216 tibi
1104 3152 1173 3216 eius
1202 3151 1312 3216 omnia
1338 3152 1482 3237 negotia,

200 3255 337 3321 libertos
364 3262 593 3341 procuratores
620 3257 793 3344 familiam,
821 3261 856 3324 in
882 3259 1062 3344 primisque
1090 3263 1141 3342 ut,
1169 3281 1251 3342 quae
1278 3258 1313 3322 Τ.
1341 3252 1499 3343 Αωρίιιε’

160 3419 166 3429 .
200 3363 239 3426 de
258 3364 327 3427 eius
347 3386 382 3428 re
401 3353 554 3449 decrevit,
572 3387 611 3430 ea
629 3367 820 3451 comprobes
840 3367 1055 3450 omnibusque
1075 3366 1171 3429 rebus
1191 3387 1264 3429 cum
1284 3366 1331 3429 ita
1349 3369 1485 3451 tractes,

201 3472 238 3530 ut
261 3469 432 3555 intellegat
456 3493 560 3535 meam
584 3473 896 3538 commendationem
920 3495 986 3538 non
1010 3473 1177 3557 vulgarem
1201 3472 1311 3536 fuisse.

288 3721 312 3770 t.
328 3715 417 3770 libero
428 3716 486 3784 M0,
500 3715 592 3784 liberi,
613 3726 645 3772 ut
657 3721 723 3787 oid,
737 3719 782 3773 ΜΙ
797 3724 806 3790 ΙΙ
820 3725 843 3774 t.
858 3720 889 3773 id
903 3738 953 3776 om.
969 3721 997 3775 R
1010 3723 1019 3787 l
1033 3721 1162 3789 apertum
1177 3721 1220 3771 est
1236 3719 1261 3772 G
1275 3722 1284 3788 ΙΙ
1298 3716 1465 3787 opridielr

201 3791 224 3841 7.
240 3785 452 3855 conciliatisque
467 3789 504 3841 M
517 3791 564 3857 (cf.
579 3790 713 3845 Bt'tcbeler
732 3792 868 3846 ‘Grande
883 3794 910 3845 rt.
925 3794 973 3847 lot.
989 3792 1077 3846 Dect’
1095 3808 1124 3860 p.
1141 3793 1300 3871 129)1post
1318 3791 1482 3857 corruptam

199 3875 300 3913 rasura
323 3877 363 3913 co.
384 3866 419 3913 16
437 3860 489 3913 litt.
512 3862 543 3913 in
562 3861 603 3913 M.
627 3879 713 3916 novus
735 3879 827 3917 omme
850 3865 948 3930 incipit
971 3865 1005 3917 ob
1028 3863 1099 3916 haec
1116 3865 1125 3932 ῃ
1144 3877 1243 3929 sonpsr
1263 3861 1309 3927 M,
1333 3859 1389 3929 ipsi
1410 3861 1483 3915 (ΗέΣ

200 3946 225 3984 a.
240 3929 280 4000 d]
302 3929 339 3983 ad
357 3930 427 3997 MR,
447 3947 464 3983 a
485 3932 510 3984 G
523 3934 533 3999 l
546 3930 579 3986 Κ.
598 3933 699 4056 ubi'pitc
716 3935 825 4014 scripsi,
843 3931 880 3986 kl.
902 3933 942 4000 M,
961 3932 1018 3987 kal.
1040 3934 1100 3987 GR.
1125 3934 1197 4001 quod
1212 3939 1307 4001 posteo
1325 3948 1383 3985 noc
1400 3939 1482 3986 noto·

200 4001 287 4067 bitur,
304 4019 338 4055 ne
356 4003 389 4055 de
403 4001 441 4055 M
456 4004 585 4072 qualemn
604 4009 628 4056 8.
666 4003 823 4072 obruanasl
843 4003 998 4057 febroarias
1012 4005 1053 4071 M,
1073 4003 1141 4058 febr.
1159 4004 1221 4057 GR.
1241 4004 1318 4072 quali
1336 4009 1403 4056 noto
1424 4005 1484 4071 ipse

199 4075 317 4140 scriptor
334 4089 401 4126 usus
418 4075 455 4126 eit
468 4074 593 4128 dubitari
607 4081 705 4143 potest,
719 4081 788 4143 poto
807 4081 897 4128 tannen
914 4077 1034 4143 simplici
1047 4073 1068 4127 ll
1083 4078 1092 4141 l
1106 4078 1168 4127 erat
1181 4077 1295 4128 senatus
1312 4073 1360 4142 θῇ
1379 4080 1417 4127 11.
1434 4074 1483 4143 agi

200 4158 250 4196 om.
269 4143 297 4197 R
312 4146 320 4211 Ι]
333 4143 451 4211 populo,
472 4162 517 4212 pr.
537 4158 554 4198 o
572 4147 604 4198 in
622 4162 676 4199 ras.
695 4164 729 4199 nr.
750 4151 776 4212 1,
795 4145 831 4198 M
841 4147 850 4212 ΙΙ
866 4151 907 4198 12.
926 4148 1023 4214 posset
1041 4145 1087 4212 M,
1109 4144 1200 4214 possit
1220 4145 1296 4214 GRl
1312 4149 1353 4198 13.
1372 4145 1482 4214 gravis-

202 4210 272 4265 sime
284 4215 309 4266 G
323 4220 332 4278 n
347 4221 388 4269 14.
403 4216 500 4282 quom]
520 4231 605 4282 quam
620 4215 674 4282 M¹,
689 4232 753 4270 cum
767 4215 882 4269 M⁰GR
900 4218 909 4284 11
929 4222 970 4270 16.
986 4217 1022 4269 ad
1042 4219 1070 4269 te
1089 4216 1210 4270 scribam
1227 4219 1253 4270 (ι’
1273 4220 1282 4285 ΙΙ
1300 4218 1423 4284 agantur
1437 4216 1484 4283 Rjss

201 4281 277 4335 omui
300 4283 452 4351 Victorius,
478 4285 573 4339 omnia
596 4288 700 4354 Stl19.
720 4289 925 4354 irueriptiooem
949 4305 997 4341 oiri.
1018 4290 1044 4340 o
1062 4291 1071 4356 ΙΙ
1090 4294 1131 4341 ⁴21.
1152 4287 1234 4341 valde
1257 4304 1307 4340 om.
1330 4288 1354 4339 G
1372 4290 1382 4354 ss
1400 4285 1425 4339 is
1448 4304 1484 4340 ex

201 4347 245 4404 his
269 4352 314 4405 Μ1
333 4355 342 4420 [Ι
361 4359 403 4409 23.
422 4355 643 4425 gratiosissimus
668 4375 697 4425 ς,
725 4357 903 4428 gratissimus
928 4361 954 4411 a
972 4363 981 4426 ΙΙ
999 4358 1126 4428 prouicia
1151 4360 1211 4428 Mn
1230 4364 1271 4412 ⁶24.
1296 4373 1401 4411 morem
1426 4358 1484 4425 M¹‚

200 4440 269 4477 corr.
289 4424 340 4503 M0
353 4426 363 4490 n
376 4430 418 4478 25.
439 4426 493 4496 his]
513 4427 538 4479 is
557 4429 598 4496 M,
618 4446 667 4482 om.
690 4430 744 4484 GR
757 4434 766 4500 ῃ
780 4444 815 4482 ne
833 4446 867 4482 ec
886 4447 936 4483 nec
952 4430 996 4483 M¹
1012 4434 1076 4499 1127.
1096 4429 1213 4483 libertos
1228 4431 1263 4495 R,
1283 4428 1386 4482 liberos
1402 4429 1483 4495 MG!

200 4492 232 4548 Τ.
247 4493 377 4562 Ampius]
396 4495 520 4564 templus
540 4498 585 4566 M,
605 4501 664 4552 tam
682 4499 746 4568 pius
764 4501 804 4567 R,
824 4498 879 4553 iarn
900 4501 1046 4571 pompeius
1067 4502 1092 4554 G
1106 4505 1115 4570 [l
1129 4506 1170 4554 ⁴29.
1191 4499 1335 4569 intelligat
1352 4501 1389 4566 R,
1408 4503 1482 4569 qaod

200 4566 320 4635 ineptius
337 4581 394 4617 noo
412 4567 553 4621 notabitur
