3286 5460
587 395 844 451 EPISTVLARVM
862 396 908 452 xl.
928 402 952 451 a.
973 402 997 453 e.
1019 403 1059 452 10.
1392 396 1456 460 287

180 565 290 625 ratum
316 559 418 625 habes
447 559 491 624 sit
523 582 565 625 an
592 561 655 624 boc
684 561 841 644 temporis
869 561 1017 625 videatur
1047 559 1111 625 dici
1144 581 1253 644 causa,
1286 559 1381 624 malle
1405 580 1457 624 me

179 672 273 733 tuum
300 666 455 732 iudicium
484 689 580 752 quam
609 689 648 731 ex
676 666 781 731 altera
812 672 906 752 parte
939 666 1083 732 omnium
1116 666 1267 751 istorum3
1301 671 1337 731 tu
1371 667 1457 732 enim

182 799 202 840 a
221 779 310 839 certo
331 796 429 840 sensu
446 779 479 839 et
497 795 574 838 vero
594 773 718 839 iudicas
743 775 781 838 de
799 774 908 857 nobis3
934 773 1019 857 quod
1042 773 1099 837 isti
1121 796 1163 838 ne
1181 773 1312 859 faciant,
1331 796 1458 839 summa

181 881 410 946 malevolentia
443 885 477 945 et
508 880 609 945 livore
642 880 871 963 impediuntur.
918 879 1126 964 interpellent
1158 903 1224 966 me,
1252 902 1316 965 quo
1349 881 1457 946 minua

156 988 360 1052 shonoratus
384 988 457 1072 sim,
479 987 557 1051 dum
579 1009 620 1051 ne
648 986 871 1071 interpellem,
894 1008 958 1070 quo
987 987 1094 1052 minus
1122 1010 1173 1052 res
1197 1011 1227 1072 p.
1251 1010 1271 1052 a
1292 1011 1344 1053 me
1373 1010 1458 1053 com·

183 1096 276 1160 mode
300 1094 522 1159 administrari
545 1093 664 1178 possit3
689 1114 770 1176 quae
795 1100 918 1178 quanto
938 1093 982 1157 sit
1000 1093 1035 1156 in
1052 1094 1206 1179 periculo,
1226 1117 1323 1179 quam
1343 1098 1457 1180 potero

182 1201 372 1267 brevissime
409 1223 576 1284 exponam.
622 1200 764 1283 primum
796 1200 958 1285 omnium,
991 1204 1147 1285 quantam
1179 1202 1492 1285 perturbationem

183 1330 291 1372 rerum
313 1309 511 1372 urbanarum
534 1304 660 1371 adferat
683 1306 792 1371 obitus
816 1307 986 1372 consulum
1005 1311 1224 1392 quantamque
1246 1308 1458 1393 cupiditatem

182 1415 371 1480 hominibus
393 1413 508 1478 iniciat
530 1413 686 1497 vacuitas,
704 1435 770 1478 non
793 1417 826 1478 te
850 1414 951 1499 fugit:
975 1415 1054 1478 satis
1078 1437 1130 1480 me
1154 1415 1258 1480 multa
1281 1416 1458 1501 scripsisse,

146 1545 171 1585 ιο
185 1543 266 1605 quae
289 1521 411 1586 litteris
435 1520 655 1586 commendari
677 1521 815 1606 possint,
839 1521 996 1607 arbitror3
1019 1522 1087 1587 scio
1112 1523 1207 1607 enim,
1232 1524 1283 1587 cui
1307 1523 1457 1588 scribam.

184 1633 329 1693 revertor
358 1648 444 1693 nunc
472 1628 512 1693 ad
538 1627 733 1712 Antonium,
762 1627 818 1712 qui
845 1650 885 1693 ex
915 1627 995 1714 fuga
1027 1651 1100 1694 cum
1129 1630 1300 1714 parvulam
1328 1648 1494 1695 manum3

183 1735 330 1820 peditum
367 1735 505 1800 haberet
540 1734 733 1820 inermium,
769 1735 937 1820 ergastula
972 1735 1126 1800 solvendo
1164 1757 1322 1822 omneque
1359 1758 1461 1823 genus

185 1841 354 1908 hominum
377 1841 567 1926 abripiendo
591 1840 673 1906 satis
696 1862 853 1927 magnum
874 1864 1045 1906 numerum
1070 1842 1197 1907 videtur
1220 1842 1378 1929 effecisse;
1400 1844 1462 1909 hoc

187 1949 325 2014 accessit
347 1970 462 2014 manus
481 1946 637 2033 Ventidii,
656 1970 737 2032 quae
762 1952 852 2014 trans
871 1950 1103 2034 Appenninum
1130 1949 1246 2015 itinere
1270 1949 1357 2014 facto
1381 1949 1463 2014 diffi-

151 2055 310 2121 ucillimo
334 2056 375 2121 ad
399 2055 491 2119 Vada
513 2055 662 2139 pervenit
685 2062 783 2139 atque
806 2056 853 2121 ibi
878 2078 912 2121 se
936 2078 1009 2121 cum
1032 2055 1178 2120 Antonio
1202 2055 1378 2121 coniunxit.
1412 2062 1463 2121 est

186 2184 341 2227 numerus
366 2166 592 2227 veteranorum
619 2167 653 2226 et
684 2167 885 2227 armatorum
914 2163 995 2227 satis
1023 2164 1173 2245 frequens
1202 2184 1276 2227 cum
1299 2162 1462 2228 Ventidio

188 2270 326 2335 consilia
348 2268 486 2333 Antonii
508 2269 588 2334 haec
611 2269 678 2334 sint
701 2291 831 2335 necesse
855 2273 918 2335 est:
947 2273 1003 2334 aut
1026 2270 1066 2334 ad
1090 2268 1248 2353 Lepidum
1272 2246 1315 2334 ut
1333 2291 1367 2335 se
1390 2292 1462 2336 eon·
1482 2291 1498 2337 4

187 2375 288 2462 ferat,
311 2376 340 2440 si
367 2375 536 2460 recipitur,
560 2380 617 2440 aut
642 2375 834 2461 Appennino
858 2375 1061 2461 Alpibusque
1090 2397 1124 2440 se
1155 2380 1265 2440 teneat
1292 2381 1325 2441 et
1352 2377 1463 2443 decur-

188 2482 335 2549 sionibus
363 2505 421 2568 per
451 2483 590 2568 equites,
614 2505 695 2568 quos
723 2483 824 2548 habet
853 2483 988 2567 multos,
1013 2485 1118 2548 vastet
1146 2504 1183 2546 ea
1210 2481 1294 2567 loca,
1318 2483 1353 2547 in
1381 2506 1463 2569 quae

150 2614 175 2654 ao
188 2590 375 2674 incurrerit,
399 2593 457 2654 aut
484 2612 578 2655 rusus
603 2612 636 2654 se
665 2590 699 2654 in
722 2590 890 2654 Etruriam
913 2589 1046 2673 referat,
1070 2589 1156 2673 quod
1184 2611 1222 2654 ea
1249 2613 1325 2674 pars
1348 2589 1463 2656 Italiae

189 2697 260 2762 sine
283 2697 428 2762 exercitu
451 2700 510 2761 est.
557 2697 643 2782 quod
671 2697 699 2760 si
722 2718 774 2761 me
798 2693 918 2761 Caesar
941 2697 1085 2761 audisset
1112 2700 1210 2780 atque
1234 2698 1464 2783 Appenninum

188 2804 376 2890 transisset,
403 2805 438 2868 in
469 2807 579 2869 tantas
612 2804 782 2889 angustias
805 2804 987 2869 Antonium
1020 2802 1262 2888 compulissem,
1290 2810 1327 2869 ut
1355 2805 1465 2890 inopia

189 2911 300 2996 potius
324 2933 424 2995 quam
446 2911 533 2977 ferro
558 2911 784 2995 conficeretur3
812 2911 868 2975 sed
890 2933 995 2994 neque
1019 2908 1150 2975 Caesari
1174 2911 1328 2996 imperari
1355 2917 1465 2997 potest

188 3040 249 3083 nec
268 3017 389 3084 Caesar
413 3019 569 3083 exercitui
593 3039 666 3102 suo,
690 3018 775 3102 quod
799 3021 972 3100 utrumque
995 3016 1173 3101 pessimum
1197 3021 1256 3082 est.
1289 3040 1362 3084 cum
1386 3019 1465 3084 haec

149 3148 176 3188 aa
190 3124 271 3188 talia
295 3124 372 3208 sint,
395 3146 460 3209 quo
485 3125 601 3211 minus,
625 3125 710 3208 quod
734 3124 849 3189 adme
872 3123 1059 3210 pertinebit,
1077 3124 1225 3190 homines
1249 3125 1465 3210 interpellent,

190 3235 227 3295 ut
247 3253 347 3316 supra
366 3232 492 3317 scripsi,
510 3254 576 3298 non
594 3231 749 3315 impedi03
775 3230 855 3296 haec
874 3231 1145 3314 quemadmodum
1164 3232 1318 3316 explicari
1336 3236 1465 3318 possint

190 3342 260 3422 eut,
288 3361 308 3401 a
339 3343 371 3403 te
405 3361 477 3404 cum
510 3338 771 3423 explicabuntur,
798 3361 838 3402 ne
866 3337 1099 3423 impediantur,
1128 3339 1236 3404 timeo.
1283 3340 1368 3404 alere
1400 3341 1500 3407 iamt

190 3443 312 3509 milites
335 3467 401 3509 non
424 3468 569 3530 possum.
615 3444 747 3511 eumad
767 3467 835 3509 rem
860 3467 891 3529 p.
919 3445 1119 3510 liberandam
1142 3445 1276 3530 accessi,
1304 3445 1361 3510 HS
1385 3447 1465 3511 mihi

280 3681 303 3731 1.
323 3673 457 3744 temporis
476 3674 608 3729 uideatur
626 3673 682 3730 dici
701 3691 788 3729 causa
805 3673 891 3728 malle
909 3691 953 3727 me
972 3676 1051 3727 tuum
1070 3675 1112 3744 D,
1130 3673 1298 3744 temporeis
1317 3671 1467 3729 uideantur

190 3744 247 3800 dici
265 3763 352 3800 causa
370 3745 455 3800 malle
475 3748 600 3800 mutuum
618 3748 665 3815 M,
692 3748 818 3816 ternpore
841 3745 865 3799 is
892 3745 949 3799 dici
968 3745 1099 3799 uideatur
1117 3761 1203 3800 causa
1221 3745 1305 3799 malle
1324 3749 1466 3801 motuum

190 3819 229 3872 Η.
267 3817 444 3887 exploratum
462 3817 550 3871 habes
569 3817 629 3872 vita
648 3822 694 3887 (ne
713 3817 783 3871 haec
802 3819 821 3871 t.
841 3816 991 3870 videantur
1010 3815 1065 3870 dici
1085 3819 1195 3886 cauea),
1214 3816 1299 3870 malle
1322 3834 1367 3870 me
1386 3821 1465 3872 tuum

189 3889 307 3961 Mudoiq
320 3890 407 3958 (ἀάυ.
421 3890 493 3944 crit!
510 3889 590 3959 1111).
605 3894 675 3959 164),
693 3891 775 3944 arnul
793 3904 875 3957 posse
890 3893 931 3957 (p.
943 3892 1055 3955 naq-²31)
1073 3895 1183 3943 brutana
1196 3889 1228 3941 ia
1246 3904 1351 3943 nosces.
1376 3890 1465 3944 Victo-

190 3963 251 4014 rius
266 3962 382 4030 aliique:
402 3958 577 4030 exploratum
596 3961 697 4027 habes;
717 3959 740 4013 si
760 3962 855 4013 tamen
873 3959 926 4012 hoc
946 3961 997 4027 (oet
1015 3958 1095 4028 haec)
1114 3957 1248 4028 temporie
1266 3959 1397 4014 videatur
1416 3963 1466 4030 (uel

190 4030 349 4100 videantur)
370 4031 395 4084 d.
412 4048 444 4099 c,
462 4030 547 4085 malle
566 4048 610 4084 me
630 4030 738 4101 (malim
757 4033 819 4099 ulie)
839 4033 925 4084 tuum.
964 4030 1074 4085 Klotffl:
1093 4047 1148 4084 non
1167 4029 1236 4083 mihi
1255 4049 1275 4084 r.
1291 4049 1318 4100 p.
1328 4050 1354 4100 p.
1367 4031 1393 4086 d.
1403 4049 1428 4086 a.
1440 4050 1465 4100 q.

189 4119 233 4155 me
252 4102 318 4156 tibi:
347 4102 499 4171 gratiorem
520 4145 632 4157 .....
652 4102 709 4155 siut
734 4101 764 4155 in
783 4118 835 4156 me.
873 4100 1048 4171 exploratum
1075 4101 1161 4170 habe,
1185 4101 1240 4155 etsi
1267 4101 1386 4156 forsitan
1414 4103 1467 4156 hoc

189 4175 209 4228 t.
228 4192 253 4228 v.
274 4174 299 4227 d.
320 4190 352 4241 c,
371 4191 407 4227 m.
427 4189 472 4227 me
491 4176 578 4228 tuum.
615 4177 651 4241 cs.
671 4176 753 4228 ctiam
773 4175 801 4228 0.
821 4173 856 4227 F.
881 4174 924 4228 W.
944 4173 1049 4227 Mallon
1068 4175 1149 4228 ‘coni
1172 4174 1255 4227 Tull)
1272 4192 1303 4243 p.
1319 4179 1360 4228 16.
1397 4176 1465 4228 milri

190 4245 331 4316 Muduiqiz'
353 4248 426 4300 ratio
449 4248 566 4300 maxime
585 4247 721 4314 probatur
752 4247 761 4314 ΙΙ
793 4251 817 4299 3.
837 4246 931 4298 acerto
951 4244 1024 4311 HD,
1049 4247 1145 4298 aoertu
1164 4244 1210 4311 M,
1235 4247 1332 4313 aperto
1354 4245 1438 4300 Orelli
1456 4264 1465 4315 4,

190 4321 214 4371 4.
232 4314 323 4369 libore
342 4315 379 4368 M
388 4318 398 4385 [1
413 4321 436 4369 8.
456 4315 642 4369 humanarum
657 4334 711 4384 pro
729 4317 901 4370 urbanarum
920 4316 972 4383 liu
987 4320 1010 4368 9.
1030 4314 1131 4369 iniciat
1145 4315 1275 4369 uacuitas
1290 4317 1332 4383 M,
1350 4316 1466 4369 initiatu

190 4390 244 4455 (ta
262 4407 295 4442 m.
316 4393 344 4455 2)
364 4386 466 4440 ciuitas
485 4388 524 4453 D,
542 4386 655 4441 honoris
674 4387 789 4441 initiata
808 4385 909 4440 ciuitas
929 4387 965 4440 ll.
994 4385 1094 4441 iniciat
1113 4404 1201 4441 vacua
1220 4386 1321 4441 civitas
1341 4389 1465 4458 Mad-oip,

189 4457 290 4513 iniciat
307 4476 328 4512 r.
348 4477 374 4528 p.
394 4458 524 4512 vacuitas
545 4460 630 4513 Orelli
653 4462 662 4527 Η
686 4465 727 4513 10.
747 4457 938 4513 commendari
957 4458 1042 4526 HD¹,
1061 4459 1243 4513 commentari
1263 4460 1299 4512 M
1302 4461 1349 4514 D*
1370 4462 1380 4529 ΙΙ
1402 4475 1465 4528 pos·

190 4531 256 4583 sunt
270 4530 301 4583 H
314 4532 379 4598 1113.
400 4529 565 4599 abripiendo
583 4534 618 4595 Ψ,
638 4529 797 4599 arripiendo
817 4549 832 4587 ς
848 4533 856 4599 ll
870 4529 923 4582 hoc
944 4532 980 4596 Ψ,
999 4529 1053 4582 huc
1073 4533 1112 4598 el!
1127 4535 1167 4583 16.
1187 4530 1317 4598 frequens
1332 4530 1402 4584 satis
1417 4531 1449 4584 H
1457 4532 1467 4602 (Ι

191 4606 332 4656 auresue
352 4601 393 4668 M,
415 4618 509 4654 rursus
528 4601 590 4655 HD
612 4604 621 4671 ΙΙ
644 4607 686 4656 22.
707 4600 908 4670 compulissent
925 4599 987 4653 HD
1009 4602 1018 4668 u
1040 4599 1165 4669 inopiam
1184 4602 1221 4653 M
1240 4611 1249 4669 q
1272 4607 1464 4671 28.p.288,1

190 4689 296 4745 accessi
319 4689 358 4744 SS
381 4688 451 4743 mihi
478 4690 533 4743 fuit
557 4689 694 4759 pecuniae
713 4679 784 4743 ὦῶ
808 4689 928 4757 amplius
947 4689 992 4756 M,
1015 4688 1126 4772 accessi
1150 4708 1215 4742 cccc
1239 4690 1359 4760 amplius
1378 4690 1467 4758 HD¹‚

190 4777 354 4833 sextertium
372 4778 443 4832 mihi
461 4778 516 4832 suit
534 4779 650 4849 pecunie
669 4782 700 4834 ia
718 4797 769 4849 my.
790 4779 853 4833 add.
873 4777 927 4831 D¹.
950 4794 1003 4846 pro
1023 4797 1086 4833 cocu
1102 4781 1186 4848 posui
1212 4773 1295 4853 icccc,
1332 4780 1466 4850 pecuniae

189 4851 319 4923 plossema
337 4852 445 4906 videtin
