3286 5460
247 365 310 429 382
697 363 734 416 Μ.
754 362 861 416 TVLLI
880 360 1068 416 CICERONIS

247 527 521 592 existimationem
545 532 648 591 tuam:
671 526 757 609 quod
781 546 842 611 ego
866 525 895 589 si
916 525 1102 609 arbitrarer,
1123 545 1302 607 numquam
1321 527 1354 589 te
1373 545 1524 613 rogarem

247 635 391 717 mihique
415 638 472 698 tua
495 634 582 698 fama
604 633 708 697 multo
733 631 898 715 antiquior
922 635 1017 715 esset,
1040 653 1137 715 quam
1156 631 1214 695 illa
1231 630 1440 697 necessitudo
1459 635 1524 714 cst3

248 741 303 804 sed
326 741 407 804 mihi
430 741 477 804 ita
499 741 677 824 persuadeo
696 775 741 784 -
758 742 869 822 potest
893 738 972 822 fieri,
995 742 1033 802 ut
1056 736 1152 801 fallar
1171 774 1224 824 -,
1246 759 1317 802 eam
1342 759 1412 803 rem
1437 737 1526 802 laudi

247 846 307 910 tibi
331 847 440 931 potius
465 869 563 930 quam
587 846 819 932 vituperationi
843 845 921 910 fore.
964 844 1040 928 quid
1062 844 1134 908 fieri
1157 845 1262 928 possit
1289 848 1323 909 et
1349 845 1427 929 quid
1455 865 1526 909 mea

247 975 344 1016 causa
362 953 466 1017 facere
485 953 592 1036 possis
616 990 653 998 -
673 976 758 1037 nam,
783 952 860 1035 quin
879 951 969 1035 velis,
987 973 1053 1016 non
1072 950 1187 1015 dubito
1210 987 1259 1036 -,
1282 950 1389 1035 velim,
1413 951 1441 1014 si
1463 950 1525 1015 tibi
1551 968 1565 1004 ε

247 1083 344 1145 grave
367 1084 434 1124 non
458 1060 530 1146 erit,
553 1060 726 1124 certiorem
748 1080 799 1123 me
821 1057 931 1123 facias.

754 1321 1014 1411 nmmum

499 1487 541 1551 1(
565 1484 725 1551 oioaao
751 1485 787 1562 o.
811 1483 1017 1549 PHILIPPO
1039 1482 1214 1551 saccos.
1239 1482 1269 1549 s.

335 1646 408 1709 Etsi
431 1667 497 1710 non
520 1646 633 1709 dubito
657 1667 716 1728 pro
741 1650 798 1710 tua
821 1646 856 1710 in
878 1666 929 1709 me
953 1645 1160 1729 opservantia
1182 1665 1305 1729 proque
1333 1647 1448 1708 nostra
1470 1665 1522 1708 ne·

247 1753 454 1835 cessitudine,
488 1752 565 1836 quin
597 1753 909 1817 commendationem
938 1774 1043 1817 meam
1071 1751 1229 1816 memoria
1256 1755 1382 1833 teneas,
1414 1754 1588 1815 tament

247 1858 345 1923 etiam
369 1868 464 1944 atque
488 1859 587 1923 etiam
610 1858 746 1922 eundem
769 1859 831 1922 tibi
849 1857 884 1922 L.
904 1857 1055 1943 Oppium,
1077 1857 1271 1923 familiarem
1290 1878 1409 1934 meum,
1432 1878 1522 1941 prae-

247 1970 372 2029 sentem
391 1969 424 2028 et
443 1964 477 2029 L.
496 1965 630 2051 Egnati,
652 1964 899 2030 familiarissimi
918 1966 991 2050 mei,
1010 1963 1153 2049 apsentis
1170 1964 1306 2049 negotia
1324 1963 1522 2028 commendo.

246 2077 339 2135 tanta
361 2071 442 2134 mihi
466 2094 539 2136 cum
564 2093 601 2135 eo
625 2071 829 2136 necessitudo
858 2075 909 2136 est
931 2071 1216 2156 familiaritasque,
1244 2075 1296 2152 ut,
1324 2069 1353 2134 si
1376 2092 1450 2135 mea
1472 2091 1522 2134 res

246 2181 345 2260 esset,
369 2200 436 2243 non
459 2177 563 2263 magis
588 2177 783 2261 laborarem3
811 2182 1009 2262 quapropter
1037 2177 1261 2264 gratissimum
1289 2175 1370 2240 mihi
1399 2175 1523 2260 feceris,

246 2283 274 2345 si
298 2284 435 2366 curaris,
462 2288 500 2347 ut
523 2283 551 2348 is
575 2284 747 2370 intellegat
774 2306 825 2349 me
853 2307 873 2347 a
900 2289 933 2349 te
961 2288 1091 2349 tantum
1119 2283 1234 2368 amari,
1267 2286 1427 2368 quantum
1455 2283 1522 2367 ipse
1536 2294 1560 2334 1⁵

246 2390 410 2454 existimo:
442 2390 503 2455 hoc
531 2389 611 2454 mihi
640 2390 765 2475 gratius
794 2389 899 2455 facere
926 2389 1010 2453 nihil
1036 2394 1144 2476 potes,
1171 2390 1267 2473 idque
1294 2394 1333 2454 ut
1359 2388 1463 2455 facias
1490 2393 1522 2452 te

246 2501 410 2561 vementer
433 2518 523 2582 rogo.

758 2655 885 2722 amu
921 2654 1005 2744 (aa.)

492 2815 534 2879 u.
559 2813 719 2881 crosso
743 2815 780 2882 r.
802 2815 918 2882 amo
941 2816 977 2880 r.
1001 2816 1034 2880 r.
1057 2814 1155 2881 aaa.
1179 2813 1210 2881 s.
1233 2815 1272 2880 o.

211 2997 222 3041 1
333 2975 407 3038 Etsi
431 2997 495 3039 nou
519 2976 647 3059 dubito,
678 2976 756 3058 quin
779 2976 865 3059 apud
888 2980 920 3039 te
944 2998 1016 3040 mea
1040 2974 1278 3041 commendatio
1305 2974 1414 3059 prima
1440 2975 1521 3040 satis
1535 2996 1558 3035 1ο

245 3081 364 3161 valeat,
397 3084 505 3144 tamen
534 3104 696 3165 opsequor
725 3081 851 3146 homini
878 3081 1148 3167 familiarissimo,
1176 3079 1211 3147 G.
1230 3079 1370 3147 Avianio
1394 3080 1521 3166 Flacco,

244 3186 334 3250 cuius
359 3208 456 3251 causa
480 3189 588 3252 omnia
612 3211 685 3253 cum
709 3189 815 3274 cupio,
838 3192 908 3252 tum
933 3189 1113 3253 mehercule
1137 3189 1237 3253 etiam
1258 3188 1373 3254 debeo:
1398 3189 1521 3273 dequo

244 3296 277 3357 et
307 3315 458 3376 praesens
492 3299 599 3359 tecum
632 3296 685 3380 egi
717 3295 905 3381 diligenter,
936 3318 1010 3361 cum
1037 3300 1074 3360 tu
1101 3294 1182 3360 mihi
1211 3293 1447 3359 humanissime
1475 3317 1523 3359 re·
1580 3284 1587 3295 ’

243 3400 417 3484 spondisti,
445 3404 478 3464 et
501 3402 617 3485 scripsi
640 3402 679 3465 ad
703 3405 736 3466 te
760 3407 908 3467 accurate
932 3407 1041 3486 antea,
1071 3402 1128 3467 sed
1154 3405 1250 3486 putat
1277 3401 1435 3466 iuteresse
1463 3423 1523 3466 sua

243 3529 293 3570 me
318 3508 356 3571 ad
381 3511 413 3571 te
438 3530 535 3592 quam
558 3508 746 3592 saepissime
771 3509 923 3592 scribere3
955 3531 1053 3593 quare
1078 3508 1175 3573 velim
1198 3506 1279 3572 mihi
1301 3506 1470 3592 ignoscas,
1493 3507 1561 3572 sia

243 3613 331 3678 illius
359 3614 519 3678 voluntati
551 3618 777 3700 optemperans
806 3615 912 3680 minus
940 3615 1074 3681 videbor
1101 3613 1287 3679 meminisse
1315 3614 1523 3679 constantiae

208 3737 223 3784 a
244 3723 330 3783 tuae:
357 3742 375 3783 a
400 3723 431 3783 te
456 3720 541 3784 idem
565 3720 645 3786 illud
668 3725 753 3806 peto,
777 3725 814 3785 ut
833 3722 871 3786 de
890 3721 970 3806 loco,
995 3744 1059 3807 quo
1084 3722 1233 3805 deportet
1255 3718 1468 3805 frumentum,
1491 3725 1524 3786 et

243 3825 281 3888 dc
305 3829 451 3910 tempore
475 3827 614 3892 Avianio
639 3827 839 3912 commodes,
862 3850 1001 3913 quorum
1023 3833 1198 3913 utrumque
1221 3850 1280 3912 per
1307 3827 1448 3892 eundem
1472 3850 1523 3893 me

244 3933 386 4015 optinuit
405 3932 589 4018 triennium,
614 3935 691 3998 dum
710 3934 882 4018 Pompeius
902 3934 958 3998 isti
976 3934 1109 4020 negotio
1128 3932 1279 4019 praefuit.
1314 3956 1444 3999 summa
1463 3938 1523 4016 est,

243 4038 276 4099 in
305 4061 368 4122 quo
403 4040 483 4103 mihi
516 4041 740 4124 gratissimum
772 4040 878 4105 facere
911 4040 1031 4125 possis,
1064 4041 1091 4105 si
1120 4041 1257 4122 curaris,
1288 4044 1326 4103 ut
1353 4038 1562 4122 Avianius,³⁰

244 4145 396 4226 quoniam
421 4167 455 4209 se
479 4168 498 4209 a
522 4169 572 4209 me
597 4147 699 4210 amari
723 4150 831 4230 putat,
855 4170 906 4211 me
930 4170 949 4211 a
972 4152 1004 4212 te
1033 4147 1135 4212 amari
1164 4147 1260 4211 sciat:
1288 4145 1351 4210 erit
1378 4146 1412 4209 id
1440 4146 1523 4211 mihi

242 4256 440 4335 pergratum.

334 4451 356 4497 1.
376 4448 403 4497 te
423 4462 472 4498 (1111.
493 4445 526 4497 Η
546 4448 555 4514 11
578 4451 602 4499 2.
622 4448 666 4498 est
683 4463 733 4500 om.
753 4444 788 4498 H
801 4448 819 4569 11

243 4519 348 4583 contro)
364 4515 415 4583 Hl,
435 4519 531 4584 posset
545 4517 582 4570 M
592 4521 601 4583 11
616 4521 639 4571 5.
655 4517 735 4588 quin]
750 4516 799 4584 qui
836 4520 886 4586 Ψ1
902 4523 943 4572 10.
963 4517 1126 4572 memoriam
1140 4518 1182 4581 M,
1201 4516 1253 4570 -rie
1267 4517 1297 4571 D
1314 4519 1325 4597 11
1344 4522 1385 4570 12.
1406 4515 1523 4586 agnam

243 4588 295 4639 olii
322 4590 330 4652 11
360 4592 399 4639 13.
420 4586 488 4640 mihi
509 4587 584 4655 MD,
610 4587 683 4641 enim
706 4587 777 4640 mihi
796 4588 830 4641 Il
854 4590 862 4656 1
892 4593 933 4640 14.
953 4588 1022 4641 mihi
1041 4606 1091 4643 our.
1111 4588 1145 4641 H
1168 4590 1177 4656 11
1206 4592 1247 4641 16.
1266 4585 1338 4640 nih11
1357 4587 1523 4713 facerelss

244 4662 285 4710 17.
305 4657 484 4711 uehementer
504 4659 641 4726 11111121.
663 4659 765 4712 aniano
785 4658 894 4725 111112.
914 4658 996 4729 cupio
1016 4703 1021 4713 .
1039 4703 1066 4714 ..
1087 4659 1188 4729 debeo]
1207 4660 1242 4725 cf.
1262 4660 1334 4713 Boot
1353 4661 1392 4712 ad
1412 4659 1467 4715 (lic.

243 4728 300 4780 Au.
316 4727 374 4794 XV,
391 4735 414 4795 3,
430 4736 444 4780 2
460 4733 524 4796 1127.
546 4729 611 4782 illut
629 4730 665 4783 Μ
675 4732 684 4796 11
698 4732 730 4782 ut
748 4729 818 4801 <et>
839 4729 872 4782 de
892 4728 953 4784 loco
973 4732 1126 4785 Lambinus
1144 4732 1153 4799 11
1174 4731 1241 4800 quo]
1261 4729 1337 4796 quod
1356 4730 1432 4800 ΜΗ,
1449 4737 1474 4786 et
1492 4729 1522 4784 D

243 4803 273 4849 at
293 4799 347 4850 oid.
361 4801 370 4864 11
385 4806 426 4851 28.
447 4800 580 4854 auiniano
600 4802 707 4869 111129.
726 4799 781 4854 isto
800 4800 838 4852 M

838 4450 863 4501 4.
884 4445 1100 4515 uituperationis
1120 4446 1158 4499 Μ
1167 4448 1176 4515 11
1194 4444 1286 4514 possit
1303 4462 1337 4500 ex
1354 4447 1453 4514 posset
1472 4446 1523 4515 (orl
