3286 5460
621 358 928 422 nP1sTVLARVMX.
948 368 989 416 aa.
1010 369 1052 417 aa.
1411 367 1476 432 263

198 521 324 586 interea
351 544 424 587 cum
455 522 582 608 collega
612 523 855 610 coniungerem,
888 548 984 609 quem
1017 527 1137 611 triduo,
1170 551 1243 593 curn
1271 529 1330 594 has
1358 531 1475 596 dabam

198 628 336 713 litteras,
360 630 579 713 expectabam.
626 628 813 697 Laterensis
836 632 941 697 nostri
965 638 999 697 et
1022 633 1118 698 fidem
1142 639 1175 698 et
1199 637 1343 701 animum
1368 638 1512 724 singu-4

197 735 300 800 larem
323 735 358 800 in
380 758 448 800 rem
471 759 503 821 p.
527 758 654 821 semper
680 738 824 823 fatebor3
855 740 909 804 sed
938 745 1025 805 certe
1053 741 1155 806 nimio
1179 742 1248 807 eius
1272 745 1476 831 indulgentia

197 843 231 908 in
250 841 408 927 Lepidum
428 843 566 908 adhaec
584 843 729 927 pericula
747 847 971 931 perspicienda
989 847 1067 913 lecit
1091 871 1164 913 eum
1184 850 1291 915 minus
1311 873 1475 938 sagacem3

172 950 252 1035 aqui
286 949 417 1035 quidem
449 973 523 1016 eum
553 951 587 1015 in
616 951 763 1017 fraudem
794 976 828 1018 se
858 955 1031 1020 deductum
1063 955 1200 1040 videret,
1232 979 1360 1042 manus,
1393 981 1473 1042 quas
1546 1002 1552 1011 ·

196 1058 315 1123 iustius
338 1058 372 1123 in
395 1056 510 1144 Lepidi
536 1058 712 1144 perniciem
741 1066 915 1146 armasset,
946 1061 1009 1126 sibi
1040 1061 1165 1127 adferre
1189 1067 1324 1129 conatus
1348 1071 1412 1150 est,
1440 1067 1473 1130 in

197 1187 261 1250 quo
294 1187 371 1231 casu
404 1171 515 1231 tamen
546 1165 772 1251 interpellatus
800 1172 834 1233 et
862 1168 966 1234 adhuc
998 1169 1080 1235 vivit
1107 1174 1140 1234 et
1167 1170 1287 1236 dicitur
1318 1170 1474 1257 victurus,

196 1273 251 1338 sed
283 1276 394 1339 tamen
421 1273 459 1338 de
487 1273 550 1338 hoc
576 1295 691 1357 parum
726 1274 805 1339 mihi
839 1279 964 1340 certum
992 1280 1051 1340 est.
1103 1297 1222 1363 magno
1256 1299 1329 1342 cum
1362 1278 1508 1343 dolores

196 1380 429 1465 parricidarum
452 1380 581 1465 clapsus
605 1403 677 1445 sum
701 1381 763 1465 eis,
788 1382 962 1447 veniebant
980 1382 1067 1447 enim
1086 1384 1199 1449 eodem
1222 1384 1331 1449 tinore
1355 1385 1389 1449 in
1411 1407 1472 1471 me,

159 1511 183 1549 ro
196 1509 260 1571 quo
288 1487 323 1551 in
350 1487 505 1572 patriam,
534 1488 675 1572 incitati,
705 1489 887 1554 iracundias
916 1495 1024 1554 autern
1053 1491 1169 1555 harum
1197 1514 1304 1556 rerum
1333 1493 1471 1557 recentis

194 1593 372 1659 habebant:
403 1596 490 1678 quod
513 1593 671 1679 Lepidum
700 1596 861 1681 castigare
885 1617 951 1661 non
974 1597 1178 1683 destiteram,
1206 1603 1244 1662 ut
1266 1599 1473 1684 extingueret

194 1700 327 1784 bellum,
349 1702 435 1785 quod
454 1701 627 1786 conloquia
649 1701 738 1767 facta
760 1702 995 1787 improbabam,
1019 1705 1105 1788 quod
1129 1705 1257 1791 legatos
1277 1705 1338 1769 fide
1357 1705 1472 1789 Lepidi

195 1807 312 1872 missos
340 1807 380 1872 ad
408 1829 459 1871 me
487 1807 522 1871 in
549 1811 759 1892 conspectum
786 1809 895 1873 venire
923 1813 1103 1894 vetueram,
1135 1811 1255 1895 †quod
1282 1809 1316 1875 (l.
1342 1810 1471 1876 Catium

195 1915 381 1999 Vestinum,
404 1917 444 1977 tr.
469 1913 544 1998 mil,
568 1914 704 1979 missurn
729 1915 769 1979 ab
795 1915 939 1980 Antonio
963 1917 1003 1982 ad
1026 1939 1077 1981 me
1102 1939 1175 1981 cum
1198 1916 1317 1982 litteris
1342 1939 1471 2001 excepe-

154 2046 177 2086 ιε
194 2045 265 2087 ram
292 2043 489 2105 numeroque
517 2020 624 2086 hostis
651 2022 842 2087 habueram:
872 2023 905 2087 in
934 2044 998 2106 quo
1025 2023 1110 2088 hanc
1138 2023 1230 2107 capio
1258 2024 1471 2108 voluptatem,

190 2128 277 2213 quod
300 2133 395 2211 certe,
419 2150 483 2213 quo
508 2129 613 2214 magis
637 2151 688 2193 me
713 2129 908 2214 petiverunt,
931 2134 1024 2195 tanto
1048 2131 1205 2196 maiorem
1229 2132 1276 2196 eis
1300 2130 1469 2196 frustratio

190 2237 336 2302 dolorem
359 2234 480 2300 attulit.
527 2239 577 2318 tu,
607 2236 651 2299 mi
676 2233 802 2320 Cicer0,
830 2237 916 2319 quod
940 2236 1043 2300 adhuc
1071 2236 1193 2320 fecisti,
1220 2237 1306 2302 idem
1329 2242 1504 2323 praestas

190 2348 228 2408 ut
267 2342 440 2430 vigilanter
480 2363 680 2426 nervoseque
719 2365 797 2426 nos,
843 2343 897 2426 qui
937 2346 1062 2407 stamus
1102 2344 1136 2407 in
1176 2344 1262 2428 acie,
1303 2345 1469 2410 subornas.

190 2450 300 2515 veniat
327 2447 447 2514 Caesar
474 2471 548 2515 eum
577 2449 692 2533 copiis,
721 2471 801 2532 quas
831 2449 931 2513 habet
958 2448 1177 2533 firmissimas,
1205 2455 1275 2534 aut,
1305 2452 1333 2514 si
1361 2451 1468 2534 ipsum

149 2581 175 2621 ao
190 2558 299 2642 aliqua
337 2580 388 2622 res
427 2556 582 2642 impedit,
626 2557 787 2621 exercitus
827 2556 996 2642 mittatur,
1040 2557 1131 2621 cuius
1170 2557 1274 2642 ipsius
1313 2579 1468 2643 magnum

189 2666 368 2751 periculum
395 2665 517 2750 agitur:
546 2664 700 2748 quiequid
728 2662 901 2746 aliquando
930 2663 1077 2729 futurum
1105 2663 1169 2728 fuit
1196 2664 1231 2728 in
1259 2665 1376 2729 eastris
1399 2687 1468 2750 per·

189 2771 330 2836 diturum
358 2775 472 2837 contra
499 2771 653 2855 patriam,
680 2771 743 2836 hoc
771 2792 865 2834 omne
894 2770 958 2834 iam
988 2771 1152 2853 eonvenit3
1182 2792 1241 2855 pro
1270 2770 1360 2835 urbis
1390 2794 1466 2836 vero

190 2872 294 2943 salute
317 2901 374 2944 eur
396 2901 462 2943 non
486 2879 637 2944 omnibus
656 2877 879 2959 facultatibus,
903 2898 983 2960 quas
1001 2877 1169 2961 habemus,
1192 2879 1344 2941 utamur?
1380 2878 1466 2962 quod

189 2985 297 3051 sivos
320 2985 484 3050 istienon
507 2984 689 3069 defueritis,
718 2984 880 3069 profecto,
908 2983 992 3067 quod
1017 2984 1055 3047 ad
1080 3006 1130 3048 me
1155 2984 1287 3068 attinet,
1315 2985 1466 3049 omnibus

151 3113 176 3153 aa
190 3094 284 3158 rebus
313 3093 438 3157 abunde
468 3092 514 3155 rei
542 3116 572 3175 p.
601 3093 681 3156 satis
710 3091 836 3156 faciam.
881 3092 914 3155 te
938 3090 1081 3174 quidem,
1110 3090 1154 3154 mi
1178 3088 1306 3174 Cicero,
1334 3091 1369 3155 in
1396 3092 1499 3157 diest

190 3200 387 3266 mehercules
407 3199 511 3263 habeo
534 3199 692 3264 cariorem
716 3196 1015 3281 sollicitudinesque
1040 3219 1128 3261 meas
1147 3197 1265 3262 cotidie
1284 3198 1389 3284 magis
1410 3203 1466 3263 tua

190 3306 305 3371 merita
328 3309 497 3389 exacuunt,
519 3328 560 3369 ne
584 3305 661 3389 quid
686 3309 743 3368 aut
767 3327 805 3368 ex
828 3326 938 3369 amore
962 3309 1020 3368 aut
1043 3326 1082 3367 ex
1106 3303 1225 3368 iudicio
1245 3309 1302 3370 tuo
1324 3307 1466 3390 perdam.

190 3417 281 3499 opto,
308 3416 345 3476 ut
372 3411 454 3476 mihi
480 3412 579 3477 liceat
602 3412 668 3476 iam
695 3411 861 3497 praesenti
887 3410 1009 3495 pietate
1033 3433 1179 3475 meorum
1204 3410 1383 3476 officiorum
1409 3416 1466 3476 tua

189 3519 343 3585 beneficia
366 3519 430 3582 tibi
452 3517 557 3584 faeere
581 3518 779 3583 iucundiora.
821 3535 884 3581 V111
903 3516 981 3582 Idus
999 3515 1070 3581 Iun.
1090 3514 1259 3601 Cularone,
1283 3539 1322 3582 ex
1345 3518 1465 3583 finibus

155 3625 413 3712 nhllobrogum.

189 3822 216 3874 at
233 3818 423 3888 colligendum
442 3837 471 3875 se
490 3821 562 3876 MD.
595 3823 628 3875 ut
647 3823 675 3874 et
693 3816 817 3888 spatium
840 3815 993 3888 colligandi
1011 3833 1041 3871 sc
1061 3816 1229 3886 Wesenberg.
1261 3817 1297 3884 cs.
1317 3817 1469 3887 Londpros

188 3893 224 3947 od
241 3892 361 3962 Reiaipie'
378 3893 457 3946 schol.
476 3900 548 3972 synt.
568 3893 632 3948 Lot.
649 3910 678 3961 p.
696 3893 769 3960 79211
787 3896 811 3945 3.
831 3905 889 3943 rem
908 3890 947 3970 p]
966 3905 995 3942 re
1034 3930 1040 3941 .
1065 3889 1114 3956 ΨΙΙ
1128 3893 1152 3942 8.
1170 3903 1275 3971 magno
1294 3906 1327 3942 er
1346 3904 1464 3968 cmagno

189 3962 246 4030 Ml,
268 3969 300 4017 nt
318 3965 371 4018 uid.
396 3965 406 4032 ΙΙ
429 3971 453 4018 9.
471 3965 527 4034 ers]
550 3963 586 4017 iis
606 3965 652 4030 M,
676 3961 720 4016 his
739 3962 800 4016 HD
823 3964 832 4031 fl
856 3967 897 4016 12.
922 3907 1110 4030 improbarum
1133 3960 1185 4013 oles
1208 3960 1218 4028 l
1242 3965 1284 4014 12.
1304 3965 1345 4014 13.
1365 3958 1464 4028 Lepidi

188 4033 299 4104 missos]
319 4033 406 4103 lepidi
425 4033 555 4088 dimissos
580 4038 610 4087 Ψ
629 4038 637 4103 ΙΙ
662 4039 702 4088 13.
722 4035 852 4087 uetuerat
870 4033 908 4088 M
921 4034 930 4102 ll
952 4037 992 4085 15.
1013 4046 1183 4098 numeroque
1202 4029 1291 4084 hostis
1310 4030 1464 4084 habueram

189 4105 248 4159 HD
265 4108 420 4175 (praetereo
440 4105 569 4160 Gereonio.
589 4112 654 4171 210,
681 4107 736 4161 ariri
755 4106 826 4175 qnod
843 4106 923 4159 tabet
941 4102 1065 4157 hostium
1086 4135 1115 4141 -
1136 4105 1207 4157 sient
1229 4103 1381 4157 Cratander
1400 4119 1462 4171 qno·

188 4196 241 4303 L
255 4178 503 4304 iizsilllllll
515 4179 744 4306 {tliltl‘ll
759 4195 814 4301 tl·
834 4175 1381 4302 ll...‘⁰⁸‘.i.resrlrrr‘salar
1396 4190 1465 4242 sae

188 4339 236 4390 qne
254 4320 382 4390 (Wiener
400 4320 478 4374 Stnd.
498 4319 555 4389 Ip.
570 4268 681 4389 utriq.)
705 4327 773 4375 reete
796 4264 967 4388 iniqilobrioit.
1000 4319 1155 4385 senpsernn
1183 4316 1219 4370 ad
1245 4332 1288 4369 me
1317 4333 1379 4369 curn
1399 4263 1463 4370 liti.

190 4407 334 4462 exegeram
352 4407 522 4459 numeroque
540 4398 588 4446 eet.
612 4392 683 4460 qnod
706 4393 731 4445 si
749 4408 841 4445 verum
859 4396 910 4456 est,
935 4390 1057 4444 Plancus
1075 4406 1118 4443 eos
1137 4389 1250 4458 loqueos,
1274 4405 1339 4456 qnos
1358 4388 1463 4456 Lepido

188 4465 265 4530 fidem
293 4466 477 4532 interponente
500 4463 641 4518 Antonius
666 4463 702 4516 nd
727 4478 787 4516 enarr
809 4463 933 4527 manat,
962 4463 993 4514 in
1020 4468 1189 4528 corispectnm
1217 4461 1307 4513 uenire
1335 4464 1464 4524 vetuerat,

197 4536 345 4601 l'eslinnm,
368 4536 416 4604 qni
437 4535 517 4588 nulla
539 4535 592 4600 fide
615 4534 776 4602 interposita
794 4550 855 4586 enm
874 4531 992 4586 Antonii
1015 4533 1114 4586 litteris
1137 4532 1174 4585 ud
1197 4547 1257 4583 enm
1276 4536 1398 4594 uenerat,
1425 4531 1464 4584 uel

187 4623 218 4660 eu
236 4608 334 4661 cedris
351 4607 464 4660 eiecerat
478 4606 612 4674 levatisque
631 4622 742 4659 nanneno
755 4605 895 4659 babuerat.
914 4605 949 4670 es.
964 4621 1029 4657 arens.
1046 4603 1115 4671 phil.
1132 4606 1197 4655 1891
1216 4619 1245 4669 p.
1262 4605 1312 4653 342
1327 4602 1336 4669 ΙΙ
1354 4605 1393 4653 16.
1409 4599 1462 4671 eis]

188 4674 220 4730 iis
240 4677 282 4743 M,
301 4675 346 4729 his
366 4676 427 4729 HD
440 4680 448 4744 Η
463 4682 505 4730 ⁶22.
525 4676 589 4747 hoe]
609 4676 663 4729 hue
685 4676 769 4730 Orelli
782 4679 791 4743 n
805 4692 886 4729 omne
905 4693 954 4729 ons.
971 4674 1079 4739 Η1123.
1100 4688 1169 4740 quas
1189 4671 1325 4725 habemus
1343 4690 1393 4727 om.
1410 4672 1444 4725 H

189 4754 227 4804 28.
248 4747 318 4818 iarn]
339 4746 425 4801 etiarn
445 4747 555 4802 starker
573 4749 678 4817 (sunit.
699 4748 769 4802 erit)
788 4766 817 4816 p.
834 4750 877 4816 24)
891 4749 900 4815 l
914 4745 1050 4815 pietatem
1068 4760 1163 4798 sorum
1183 4745 1217 4797 M
1234 4746 1243 4812 ΙΙ
1264 4748 1305 4798 29.
1326 4743 1462 4798 Cularone

189 4818 324 4888 dirnwnd,
341 4817 473 4873 cuiarone
492 4817 547 4887 (cui
567 4834 651 4873 arone
670 4819 716 4887 Η)
740 4821 774 4872 Ψ.
803 4820 838 4886 ef.
859 4818 926 4873 01.
943 4818 976 4871 L.
997 4815 1048 4869 XII
1062 4834 1091 4883 p.
1107 4821 1160 4868 273
