3286 5460
541 370 799 426 EPISTVLAltVM
817 373 850 428 V.
870 380 894 428 2.
914 380 939 428 3.
1319 378 1378 441 101

98 535 248 600 remissio
271 535 372 600 animi
397 558 434 600 uc
458 535 645 600 dissolutio:
670 536 794 601 nullast
817 559 837 601 a
859 560 910 602 me
934 559 1088 622 umquam
1108 539 1271 604 sententia
1294 541 1382 606 dicta

97 643 131 707 in
163 643 297 707 fratrem
330 646 438 728 tuum3
470 642 760 728 quotienscumque
793 643 916 728 aliquid
948 650 998 710 est
1027 651 1152 731 actum,
1185 647 1300 712 sedens
1334 647 1380 712 eis

97 750 241 833 adsensi,
271 750 328 834 qui
355 749 436 814 mihi
465 748 630 815 lenissime
654 751 775 816 sentire
803 750 865 815 visi
894 757 979 817 sunt.
1020 754 1135 818 addam
1163 755 1245 819 illud
1272 754 1381 837 etiam,

98 857 186 940 quod
208 856 278 920 iam
298 878 360 942 ego
384 879 498 922 curare
520 879 587 922 non
610 856 721 941 debui,
750 858 804 921 sed
832 862 942 922 tamen
970 860 1041 923 fieri
1068 881 1134 925 non
1158 861 1295 926 moleste
1319 861 1381 925 tuli

68 968 198 1047 satque
221 962 332 1050 etiam,
354 968 391 1028 ut
412 963 462 1028 ita
483 965 586 1048 fieret,
608 987 668 1049 pro
692 986 764 1029 mea
781 969 874 1048 parte
899 966 1016 1047 adiuvi,
1042 970 1077 1030 ut
1101 967 1206 1032 senati
1230 967 1380 1031 consulto

98 1092 190 1135 meus
213 1069 375 1154 inimicus,
398 1070 475 1156 quia
497 1076 573 1136 tuus
597 1071 699 1136 frater
721 1075 807 1155 erat,
831 1071 1064 1138 sublevaretur.
1106 1096 1205 1157 quare
1228 1096 1295 1138 non
1318 1093 1432 1160 egero

98 1175 320 1263 ‘oppugnavi'
349 1177 485 1242 fratrem
513 1182 620 1263 tuum,
650 1178 706 1242 sed
734 1178 831 1242 fratri
854 1182 910 1242 tuo
939 1178 1132 1264 repugnavi,
1161 1203 1221 1245 nec
1249 1179 1298 1244 ‘in
1321 1181 1381 1266 te',

23 1285 25 1288 ⁴
98 1288 134 1348 ut
158 1284 289 1368 scribis,
318 1283 459 1350 ‘auimo'
484 1286 532 1349 fui
556 1284 714 1368 ‘mobili',
738 1284 793 1347 sed
818 1283 865 1348 ita
888 1284 1010 1368 stabili,
1033 1285 1126 1349 utin
1151 1308 1223 1350 mea
1246 1292 1380 1371 ergata

98 1391 268 1456 voluntate
297 1392 396 1456 etiam
425 1392 572 1456 desertus
600 1391 641 1455 ab
670 1389 884 1456 officiis·tuis
912 1414 1145 1475 permanerem.
1193 1396 1290 1476 atque
1318 1393 1380 1459 hoo

55 1526 81 1562 ro
97 1498 170 1582 ipso
195 1502 340 1583 tempore
369 1498 431 1562 tibi
457 1520 559 1582 paene
587 1497 754 1562 minitanti
777 1497 873 1561 nobis
901 1520 960 1581 per
988 1498 1116 1563 litteras
1147 1499 1209 1564 hoc
1236 1499 1380 1565 rescribo

96 1612 195 1688 atque
220 1606 413 1690 respondeo:
443 1627 503 1691 ego
528 1605 714 1669 dolori'tuo
737 1626 804 1668 nou
828 1603 933 1667 solum
961 1604 1110 1689 ignosco,
1139 1605 1195 1670 aad
1219 1628 1380 1671 summam

97 1711 199 1776 etiam
222 1712 350 1776 laudem
374 1712 485 1776 tribuo
510 1750 551 1757 -
576 1733 667 1775 meus
691 1708 778 1775 enim
801 1732 852 1774 me
876 1732 1001 1796 sensus,
1024 1716 1147 1796 quanta
1170 1713 1218 1777 vis
1242 1713 1380 1780 fraterni

97 1816 142 1883 sit
161 1818 292 1905 amoris,
315 1819 467 1883 admonet
485 1844 537 1902 -3
562 1823 632 1883 ate
651 1822 737 1903 pet0,
760 1822 798 1882 ut
821 1821 857 1882 tu
882 1840 1010 1903 quoque
1030 1841 1169 1903 aequum
1190 1826 1222 1884 te
1241 1820 1380 1885 iudicem

97 1925 204 1990 dolori
227 1947 300 1989 meo
323 1925 494 2009 praebeas:
525 1926 553 1990 si
577 1924 705 2008 acerbe,
733 1925 760 1989 si
785 1925 971 2008 crudeliter,
1000 1926 1027 1990 si
1052 1926 1121 1991 sine
1145 1948 1243 1992 causa
1266 1949 1338 1992 sum
1362 1951 1380 1991 a

58 2032 163 2097 istuis
194 2036 417 2118 oppugnatus,
449 2037 486 2097 ut
514 2036 640 2097 statuas
672 2031 753 2095 mihi
781 2051 846 2095 non
874 2032 970 2097 modo
1002 2055 1069 2096 non
1101 2032 1291 2116 cedendum,
1325 2035 1380 2098 sed

96 2139 197 2203 etiam
224 2143 283 2203 tuo
307 2143 405 2224 atque
436 2140 597 2204 exercitus
626 2139 675 2203 tui
706 2137 827 2202 auxilio
852 2138 885 2201 in
909 2138 1069 2204 eiusmodi
1097 2161 1195 2204 causa
1222 2139 1400 2205 utendum·
1479 2194 1485 2198 .

96 2246 211 2330 fuisse,
244 2267 306 2331 ego
334 2249 366 2310 te
395 2246 476 2310 mihi
505 2268 633 2330 semper
664 2245 804 2310 amioum
832 2266 902 2309 esse
931 2245 1034 2328 volui,
1066 2269 1117 2310 me
1145 2250 1182 2309 ut
1211 2245 1273 2309 tibi
1304 2245 1381 2311 ami·

97 2353 265 2418 cissimum
288 2374 358 2416 asse
381 2353 602 2439 intellegeres,
626 2351 786 2416 laboravi:
815 2374 930 2417 maneo
953 2351 988 2415 in
1011 2352 1180 2416 voluntate
1204 2358 1250 2436 et,
1273 2354 1380 2437 quoad

97 2462 186 2525 voles
211 2465 261 2543 tu,
292 2462 487 2544 permanebo
517 2460 678 2543 citiusque
707 2481 816 2524 amore
840 2458 889 2522 tui
912 2459 1048 2523 fratrem
1077 2463 1170 2524 tuum
1199 2460 1306 2524 odisse
1330 2459 1381 2524 de-

56 2567 218 2652 minum,
241 2589 339 2652 quarn
363 2566 451 2631 illius
476 2568 550 2633 odio
571 2568 745 2651 quicquam
769 2567 807 2629 de
830 2569 944 2630 nostra
963 2564 1183 2631 benivolentia
1201 2566 1379 2631 detraham.

653 2797 712 2862 nr.
743 2792 825 2881 (aa)

291 2960 328 3035 o.
352 2956 588 3023 uaramvs
613 2955 759 3021 uaros
785 2955 815 3021 s.
840 2956 878 3022 n.
902 2956 944 3020 M.
969 2955 1193 3023 oicauom.

185 3100 338 3165 Hominis
366 3100 641 3184 importunissimi
671 3100 900 3182 contumeliae,
928 3099 1046 3184 quibus
1075 3099 1198 3164 crebris
1223 3101 1414 3164 contioni-1

70 3202 157 3274 bus
182 3230 235 3272 me
259 3212 382 3290 onerat,
406 3207 471 3272 tuis
496 3229 574 3292 erga
597 3228 647 3270 me
671 3205 788 3270 officiis
812 3206 978 3303 leniuntur
1001 3211 1042 3290 et,
1066 3210 1103 3270 ut
1127 3211 1204 3269 sunt
1226 3206 1314 3271 leves
1339 3208 1379 3271 ab

10 3316 33 3354 ⁵
64 3313 259 3381 eiusmodi
277 3313 417 3396 homine,
441 3336 529 3377 anre
549 3313 780 3397 despiciuntur,
799 3313 1002 3396 libenterque
1022 3316 1224 3378 commutata
1242 3335 1380 3395 persona

61 3419 122 3487 te
151 3418 238 3484 milri
261 3417 374 3482 fratris
398 3419 470 3484 loeo
494 3440 564 3483 esse
588 3418 678 3482 duco
720 3419 759 3482 de
782 3416 849 3502 illo,
872 3439 913 3482 ne
938 3417 1123 3483 meminisse
1142 3418 1272 3502 quidem
1297 3419 1414 3501 volo,a

58 3525 233 3594 tametsi
256 3526 307 3590 bis
331 3547 405 3590 eum
428 3525 568 3589 invitum
597 3525 732 3588 servavi.
774 3524 812 3588 da
840 3524 921 3587 meis
950 3526 1060 3602 rebus,
1088 3548 1129 3590 ne
1152 3524 1245 3589 vobis
1269 3525 1380 3589 multi-

55 3631 211 3700 tudine
234 3632 419 3697 litterarum
446 3632 616 3697 molestior
645 3653 763 3713 essem,
791 3631 831 3694 ad
854 3630 997 3695 Lollium
1025 3631 1214 3715 perscripsi,
1242 3631 1280 3694 de
1304 3631 1380 3695 rati-

51 3741 219 3808 onibus
241 3739 427 3825 provinciae
451 3739 529 3823 quid
552 3739 668 3803 vellem
690 3736 771 3820 fieri,
794 3741 832 3801 ut
855 3737 883 3800 is
908 3760 965 3801 vos
989 3738 1120 3803 doceret
1143 3741 1176 3801 et
1199 3760 1380 3802 commone

51 3844 233 3914 faceret.
283 3847 311 3911 si
343 3847 484 3930 poteris,
522 3845 620 3910 velim
653 3844 826 3929 pristinam
860 3849 950 3907 tuam
983 3865 1060 3929 erga
1093 3865 1143 3907 mc
1176 3843 1379 3908 voluntatem

52 3975 96 4017 Q
104 3975 280 4023 onserves

57 4066 150 4083 χ’,
165 4072 272 4078 ,..,...-
287 4072 312 4076 --

189 4136 214 4182 1.
234 4126 360 4181 remissio
385 4127 472 4180 animi
496 4129 537 4193 R,
560 4127 687 4181 remissio
711 4127 805 4180 auimo
825 4127 869 4193 M,
895 4127 1011 4180 remisso
1035 4126 1128 4179 animo
1154 4126 1179 4180 G
1201 4126 1211 4192 11
1234 4124 1313 4177 nulla
1337 4128 1380 4178 est

63 4205 152 4257 GR
169 4203 179 4269 11
193 4206 219 4253 a.
239 4198 292 4266 sis'l
313 4198 356 4251 his
375 4201 409 4266 a,
429 4198 463 4251 iis
479 4217 494 4256 ς
509 4203 556 4266 113.
577 4198 719 4253 leuissimo
735 4200 823 4266 11114.
844 4198 928 4251 debui
944 4200 1013 4264 MG,
1032 4198 1112 4267 potui
1128 4198 1155 4251 R
1169 4200 1178 4265 11
1193 4203 1216 4249 5.
1236 4213 1300 4248 mea
1316 4197 1379 4261 GR,

65 4284 138 4328 une
162 4272 201 4325 M
212 4269 326 4338 {laenati
341 4271 382 4336 111,
402 4272 459 4322 -tus
475 4271 529 4324 (nr
544 4273 591 4337 117.
612 4271 659 4322 sed
679 4269 759 4322 fratri
773 4302 801 4307 κ
816 4275 838 4323 8.
860 4269 958 4322 mobili
976 4288 1026 4322 our.
1043 4271 1068 4322 G
1083 4272 1092 4336 11
1107 4275 1147 4322 1o.
1169 4269 1237 4320 hoec
1256 4266 1385 4330 rescribo

91 4343 267 4411 tt'eambrrq
289 4343 298 4408 11
323 4346 363 4394 lb.
388 4341 430 4393 tui
455 4343 522 4407 GR,
550 4347 580 4394 tu
605 4343 639 4394 Μ
665 4344 674 4410 11
702 4341 835 4394 utendum
861 4342 927 4405 GR,
960 4343 991 4392 ut
1014 4344 1057 4393 est
1081 4340 1146 4391 dum
1171 4340 1205 4391 111
1234 4341 1244 4405 11
1275 4343 1317 4391 24.
1343 4338 1378 4391 ab

72 4430 145 4471 orer.
168 4414 198 4468 R
222 4416 232 4494 11
254 4418 296 4466 26.
315 4411 440 4482 homine]
461 4412 586 4465 homiues
606 4414 676 4479 MR,
696 4412 717 4464 -i
737 4414 763 4467 6
784 4416 792 4480 11
814 4418 855 4466 211.
875 4415 903 4465 tc
923 4412 958 4478 R,
979 4429 995 4464 a
1015 4414 1042 4464 tc
1062 4412 1123 4465 MG
1146 4414 1154 4479 11
1177 4426 1211 4462 nc
1231 4427 1280 4462 om.
1302 4410 1373 4463 GR*

76 4487 163 4542 uolo
183 4484 297 4553 quidem
318 4481 476 4536 meminisse
492 4487 515 4538 G
531 4486 596 4552 1127.
616 4483 660 4536 bis
679 4501 728 4537 our.
745 4485 770 4538 G
785 4487 850 4551 1127,
866 4489 909 4538 28.
928 4481 1138 4535 multitudinem
1154 4481 1209 4549 1111
1224 4484 1265 4534 28.
1281 4479 1378 4536 molle·

87 4559 168 4612 otior
187 4555 226 4608 M
236 4557 245 4624 11
258 4552 376 4607 nollium
395 4555 423 4610 R
771 4547 776 4564 ‘
1382 4557 1387 4567 “
