3286 5460
687 365 899 422 PRAEFATIO.
1333 367 1435 421 XXVII

156 527 317 593 fuissem
341 528 364 592 Z
388 535 421 593 et
445 529 585 594 omissae
609 553 680 595 esse
704 531 738 594 in
763 530 791 594 D
815 531 944 595 demum
969 531 1181 614 conficiendo,
1208 536 1347 616 possunt
1374 531 1438 615 pri-

157 636 259 699 mitus
278 635 346 701 illic
366 636 515 701 defuisse.
553 658 635 720 quae
655 637 793 702 comita
813 638 888 720 sint,
907 637 1056 722 equidem
1076 639 1224 722 quamvis
1243 639 1312 723 ipse
1333 639 1438 724 magis

155 764 196 806 eo
219 741 372 807 inclinem
397 747 434 807 ut
458 744 594 808 eundem
617 743 741 808 fontem
765 743 866 809 fuisse
890 767 1038 810 censeam
1066 750 1100 809 et
1124 745 1152 809 D
1181 750 1214 810 et
1240 744 1438 811 contamina-

156 853 281 934 torum,
318 871 387 915 rem
422 850 457 914 in
496 850 603 916 medio
639 852 884 935 relinquendam
922 856 1010 935 puto.
1066 873 1286 936 quaecumque
1329 857 1436 916 autem

157 957 456 1022 contaminatorum
479 957 543 1021 fuit
567 958 674 1042 origo,
698 957 765 1024 sive
789 958 811 1022 Z
836 959 903 1023 sive
927 959 1075 1042 ignotum
1101 959 1230 1043 aliquod
1255 959 1284 1021 Y
1309 961 1436 1044 generis

157 1064 342 1147 exemplum
366 1063 413 1128 eis
437 1063 620 1130 adhibitum
643 1070 701 1148 est,
726 1070 849 1130 certam
873 1065 1050 1130 utilitatem
1074 1066 1213 1131 mixtum
1234 1066 1314 1131 illud
1334 1089 1436 1152 genus

160 1171 261 1235 babet
284 1171 424 1254 nullam,
447 1177 570 1236 certam
594 1172 810 1257 suspicionem
834 1173 1015 1256 plurimam.
1058 1194 1139 1256 quae
1164 1173 1248 1237 enim
1272 1173 1339 1237 illie
1364 1196 1437 1238 cum

158 1276 250 1341 FHD
275 1278 463 1359 concinunt,
491 1301 529 1343 ea
552 1279 682 1343 inutilia
705 1285 781 1344 sunt
809 1284 923 1363 utpote
951 1283 1030 1343 nota
1058 1301 1096 1343 ex
1123 1279 1334 1344 intemeratae
1361 1279 1437 1344 fidei

160 1384 313 1463 testibus,
347 1406 429 1468 quae
452 1390 562 1451 antem
585 1386 620 1449 in
647 1407 712 1450 uno
742 1387 885 1451 alterove
914 1387 1121 1471 exemplo-
1143 1408 1263 1472 magna
1290 1387 1375 1450 enim
1403 1387 1438 1451 in

158 1490 299 1577 singulis
327 1491 492 1557 codicibus
520 1493 694 1557 verborum
723 1497 773 1557 est
802 1493 941 1557 varietas
966 1494 1217 1578 —discrepant
1244 1498 1277 1557 et
1301 1516 1319 1557 a
1343 1493 1376 1556 M
1406 1498 1438 1557 et

158 1622 176 1664 a
204 1598 311 1682 ΕΗΒ,
342 1621 381 1663 ea
408 1621 535 1682 semper
563 1601 771 1665 metuendum
799 1604 850 1664 est
881 1622 921 1664 ne
949 1600 1159 1683 provenerint
1186 1623 1224 1664 ex
1253 1601 1438 1685 corruptela

157 1707 299 1787 novicia,
328 1728 395 1770 non
418 1728 456 1771 en
479 1706 570 1771 fonte
595 1707 772 1791 primitivo.
813 1707 864 1771 bis
888 1707 926 1771 de
951 1708 1056 1772 causis
1080 1728 1141 1791 ego
1166 1707 1338 1772 consilium
1367 1705 1438 1790 cepi

156 1812 344 1881 eliminandi
369 1812 472 1878 totins
499 1813 586 1877 illius
616 1813 823 1897 sterquilinii.
869 1835 943 1877 rara
970 1813 1028 1877 ubi
1056 1813 1125 1878 eius
1153 1818 1244 1878 extat
1271 1813 1437 1894 memoria,

156 1919 280 1985 factum
304 1920 336 1984 id
360 1925 495 2005 propter
518 1925 624 1987 certas
649 1943 772 1986 causas.
795 1919 1154 1986 ceternmseiendum
1183 1943 1357 2004 occupasse
1385 1943 1438 1985 ne

156 2049 253 2111 quam
290 2026 352 2093 hoe
389 2049 491 2113 genus
528 2029 593 2092 iam
629 2029 754 2112 priscas
791 2027 1006 2111 epistularum
1043 2028 1219 2111 editiones,
1257 2028 1437 2112 principem

157 2130 398 2218 Sveynbeymii‚
421 2134 582 2199 Venetam
606 2158 632 2198 a.
655 2135 748 2218 1469,
774 2135 955 2198 Romanam
975 2158 1002 2198 a.
1025 2135 1118 2216 1470,
1142 2134 1232 2218 alias,
1257 2156 1337 2218 quas
1357 2134 1436 2198 olim

157 2240 291 2306 Parisiis
314 2240 408 2307 licuit
431 2242 599 2325 inspicere.
609 2239 633 2327 ¹)
804 2240 808 2246 “

246 2402 272 2466 1)
291 2416 325 2452 ex
349 2399 493 2453 codicibus
517 2398 565 2468 qui
589 2400 642 2452 hnc
665 2399 808 2468 pertinent
831 2400 995 2470 superstites
1018 2401 1166 2470 plerosque
1188 2400 1246 2469 ipse
1266 2397 1436 2465 examinavi,

156 2469 278 2538 reliquos
296 2488 390 2525 meum
410 2471 439 2523 in
454 2489 535 2524 usum
550 2470 731 2540 inspexerunt
745 2470 803 2524 alii.
837 2472 1021 2524 contaminati
1035 2472 1123 2542 igitur
1136 2470 1259 2524 habendi
1274 2471 1437 2524 Dresdenss's

158 2548 206 2595 112
223 2542 379 2595 Ι8111111111
396 2543 502 2597 ‘Dresd
518 2543 652 2610 tertius'),
669 2544 879 2614 Guelferbytoai
893 2548 944 2596 226
962 2546 1062 2608 11888,
1075 2544 1203 2597 Ρ11111111·
1218 2546 1301 2595 14761
1318 2543 1435 2607 117783,
1458 2580 1462 2588 .

157 2611 293 2666 simillimi
313 2614 426 2682 quidem
444 2614 475 2668 hi
494 2614 567 2668 inter
586 2630 627 2680 se,
655 2614 819 2668 oxonienses
840 2614 1022 2668 eanonicam
1040 2621 1092 2667 210
1111 2616 1141 2667 et
1159 2618 1211 2667 244
1230 2616 1259 2666 et
1277 2613 1334 2667 eod,
1356 2612 1435 2679 Oorp.

158 2685 255 2738 0111111.
275 2689 335 2749 183,
356 2685 414 2738 alii.
447 2685 549 2752 quibus
568 2702 602 2738 ex
621 2685 764 2738 codicibus
784 2685 878 2738 nullus
897 2685 1039 2739 saeculum
1054 2686 1105 2738 XV
1124 2685 1245 2739 excedit:
1267 2683 1342 2753 quod
1362 2682 1436 2736 enim

157 2754 215 2808 eius
236 2755 401 2809 Oxoniensis
424 2757 529 2811 codicis
551 2774 634 2825 quem
653 2757 752 2810 ultimo
771 2756 833 2809 loco
852 2756 932 2826 posui
952 2757 1087 2826 epistulas
1110 2789 1139 2795 -
1160 2756 1275 2809 mutilas
1294 2753 1436 2822 ceteroqui

157 2843 203 2880 eas
229 2829 258 2880 et
276 2827 396 2908 pessime
415 2832 560 2898 corruptas
581 2861 610 2867 --
633 2845 704 2882 saec.
721 2827 866 2884 XlllleV
885 2828 970 2882 tribui
990 2846 1071 2898 posse
1091 2827 1200 2882 censuit
1217 2827 1251 2882 H.
1266 2824 1436 2895 Nettlcship‚

156 2897 180 2949 ei
200 2897 305 2951 iudicro
324 2898 384 2968 ipse
407 2899 499 2953 vetuit
519 2899 563 2954 vir
580 2900 710 2969 egregins
729 2899 847 2952 nimium
865 2899 934 2953 clari.
972 2900 1111 2953 fluxerunt
1129 2900 1251 2968 quidem,
1270 2901 1303 2951 nt
1320 2897 1436 2962 dictum,

156 2968 197 3021 illi
218 2969 328 3023 codices
347 2987 441 3024 omnes
462 2987 495 3024 ex
512 2970 651 3024 communi
666 2971 788 3038 quodam
802 2971 881 3024 fonte
896 2971 925 3023 in
940 2988 994 3039 quo
1009 2971 1086 3024 tertii
1101 2970 1203 3024 decimi
1216 2969 1283 3023 libri
1298 2968 1436 3039 epistulae

157 3043 270 3110 propter
288 3039 418 3095 foliorum
436 3041 623 3096 inversionem
641 3045 721 3095 erant
734 3041 808 3094 inter
822 3058 851 3095 se
866 3042 1007 3110 confusae,
1027 3043 1127 3096 ceteris
1142 3059 1207 3096 vero
1222 3041 1252 3094 in
1266 3041 1349 3094 rebus
1363 3039 1437 3092 inter

156 3127 184 3164 se
203 3111 287 3164 valde
306 3111 474 3183 discrepant,
494 3113 551 3167 alio
570 3111 679 3166 scilicet
697 3113 788 3182 magis
807 3113 843 3166 ad
858 3113 880 3166 P
895 3113 951 3166 alio
966 3113 1056 3185 magis
1072 3115 1108 3166 ad
1123 3114 1148 3166 Y
1163 3113 1325 3178 inclinante,
1344 3110 1436 3163 diver-

157 3200 216 3236 sam
240 3186 386 3253 pmeterea
410 3184 529 3254 singulis
553 3184 675 3253 expertis
694 3184 908 3254 corruptionem.
946 3202 1019 3253 quae
1039 3185 1206 3254 singillatim
1225 3182 1355 3254 persequi
1373 3200 1436 3235 cum

156 3254 251 3321 nolim,
271 3254 305 3307 dc
325 3271 379 3307 nno
396 3259 492 3309 tamen
505 3255 588 3309 huius
603 3255 712 3325 generis
728 3255 822 3309 codice
838 3256 934 3326 paullo
949 3256 1116 3326 explicatius
1133 3255 1233 3319 dicam,
1252 3272 1308 3308 non
1323 3256 1437 3324 propter

157 3324 247 3395 ipsum
271 3326 319 3379 sed
343 3330 457 3396 propter
479 3326 508 3380 L.
525 3326 697 3382 Gurlittium.
741 3327 764 3378 is
788 3327 862 3380 enim
886 3345 949 3381 cum
972 3327 1127 3381 identidem
1150 3326 1321 3397 peculiarem
1344 3325 1436 3379 locum

156 3396 334 3465 adsignasset
356 3397 543 3452 Oanoar'cinao
562 3397 623 3451 244·
632 3400 668 3466 (v.
684 3398 881 3453 Wocbcnscbr.
902 3399 919 3454 f.
940 3399 1025 3454 klasss
1041 3399 1142 3453 Philol.
1159 3402 1227 3452 1885
1242 3418 1268 3468 p.
1285 3403 1344 3462 561,
1367 3396 1436 3450 Berl.

156 3467 222 3537 phil.
243 3468 441 3524 Wochenschr.
463 3474 531 3523 1886
571 3475 657 3536 119,
682 3487 745 3523 ann.
765 3470 833 3539 phil.
854 3476 923 3524 1885
942 3491 969 3541 p.
984 3476 1049 3536 582,
1072 3469 1173 3524 Philol.
1194 3468 1284 3540 suppl.
1304 3468 1336 3522 V.
1358 3472 1435 3520 1889.

157 3545 276 3663 51811,
299 3541 396 3609 rogavi
417 3557 505 3611 nuper
524 3489 674 3594 1111111111
695 3542 861 3610 Netlleslrip,
884 3546 915 3594 nt
934 3542 1057 3596 codicem
1077 3541 1170 3607 illurn,
1194 3558 1276 3609 quem
1295 3540 1354 3609 ipse
1374 3556 1436 3590 111111

180 3611 257 3664 xenii
272 3628 362 3665 casem
377 3611 533 3682 inspectum
548 3611 706 3666 abieceram
721 3615 819 3682 utpote
834 3613 930 3683 procul
941 3613 1027 3666 dubio
1037 3613 1269 3677 contaminatum,
1284 3610 1436 3664 secundum

158 3685 233 3735 certa
260 3681 366 3736 indicia
394 3701 411 3736 a
438 3701 483 3737 me
507 3683 688 3753 suppeditata
712 3683 870 3737 accuratius
893 3684 1105 3754 pervestigaret.
1147 3684 1221 3752 quod
1246 3701 1307 3736 cum
1332 3680 1436 3734 officio-

157 3752 264 3807 sissime
291 3754 327 3807 ab
355 3753 405 3807 illo
433 3758 507 3808 esset
535 3753 640 3808 factum
670 3754 808 3823 simulque
836 3755 934 3809 addita
962 3755 1146 3826 epistularum
1176 3755 1284 3822 aliquot
1312 3752 1436 3815 collatio,

158 3823 281 3878 intellexi
308 3858 338 3865 -
364 3826 393 3879 id
420 3827 494 3894 quod
522 3844 554 3880 ex
576 3827 705 3879 ectabam
731 3860 760 3866 -
786 3844 846 3879 csse
875 3827 983 3880 irritam
1007 3826 1135 3880 Gurlittii
1162 3826 1240 3879 illam
1268 3824 1435 3894 opinionem.

158 3894 263 3950 scilicet
288 3914 350 3950 cum
369 3898 398 3950 M
422 3897 526 3951 omissa
549 3845 608 3950 illic
632 3901 697 3950 sunt
720 3899 806 3951 verba
826 3899 862 3963 X,
884 3904 928 3965 18,
949 3906 977 3952 2;
1003 3899 1138 3951 ‘exercitu
1162 3896 1291 3951 concordi
1314 3913 1346 3948 ac
1365 3895 1436 3947 benc

157 3966 189 4018 de
212 3985 269 4036 rep.
296 3968 455 4033 sentiente'‚
480 3974 522 4033 23,
543 3977 570 4023 5:
597 3968 777 4037 ‘numeroque
802 3969 889 4022 hostis
914 3971 1089 4033 habueram’,
1115 3970 1160 4036 Nl,
1183 3975 1223 4023 13,
1246 3975 1273 4022 1:
1299 3964 1435 4034 ‘aquilam

158 4039 261 4106 perisse
280 4039 461 4103 ncsciebam',
481 4040 540 4104 ΧΠ,
562 4047 602 4102 ll,
622 4046 650 4094 3:
672 4041 768 4108 ‘qnam
786 4058 884 4094 revera
903 4043 993 4094 furere
1013 4041 1115 4095 inveni.
1150 4042 1222 4108 quod
1243 4057 1308 4093 vero
1328 4036 1436 4103 aliquid

158 4108 189 4162 de
208 4109 253 4162 his
273 4110 393 4180 scripsi'‚
412 4111 489 4174 xm,
508 4117 550 4178 28,
570 4116 598 4165 3;
621 4111 683 4163 ‘tibi
704 4113 858 4177 confirnm',
880 4113 936 4179 XV,
957 4119 980 4179 2,
1001 4120 1028 4166 51
1056 4112 1209 4165 ‘ettamen
1229 4110 1436 4164 adulescentem

157 4183 265 4244 cssem'‚
286 4183 315 4233 et
334 4185 445 4234 servata
463 4182 535 4247 XVI,
557 4188 599 4243 15,
618 4188 645 4236 2;
668 4184 708 4234 ‘ct
727 4187 754 4236 te
773 4182 849 4236 visus
869 4186 932 4250 est'‚
952 4201 1024 4251 quae
1044 4183 1214 4236 omittuntur
1233 4186 1261 4235 et
1280 4199 1296 4234 a
1316 4179 1388 4232 FHI)
1408 4182 1435 4231 et

157 4267 172 4303 a
198 4252 341 4322 plerisque
369 4253 576 4308 contaminatis.
618 4254 708 4307 ultera
732 4273 764 4307 cx
789 4257 869 4323 parte
893 4274 955 4308 cum
980 4259 1073 4308 extent
1100 4255 1157 4306 illic
1182 4272 1215 4306 cx
1239 4254 1264 4305 Y
1288 4253 1437 4320 desumpta

156 4340 224 4390 qnae
244 4324 347 4376 desunt
366 4324 395 4376 in
414 4325 451 4391 M,
470 4325 549 4378 velut
567 4326 612 4392 111,
633 4333 673 4389 15,
696 4335 722 4380 1:
744 4327 850 4379 ‘curam
869 4344 960 4380 merim
979 4326 1150 4379 valetudinis
1170 4331 1235 4377 tuac
1255 4340 1339 4391 quam
1358 4321 1434 4389 tibi’,

157 4395 258 4447 codicis
277 4397 380 4449 natura
398 4413 453 4450 non
472 4399 566 4465 potest
585 4414 644 4449 esse
664 4397 758 4451 dubia.
797 4415 851 4465 quo
871 4415 934 4451 crum
953 4399 1069 4450 accedat
1090 4397 1168 4450 varia
1188 4394 1436 4464 interpolationem

157 4468 184 4516 et
206 4465 364 4537 glossarum
387 4468 509 4521 foeditas
530 4500 561 4507 —
582 4467 669 4520 sensit
693 4486 755 4522 eam
779 4469 807 4521 in
830 4487 983 4538 persicarum
1003 4469 1187 4538 epistularum
1206 4466 1357 4519 collatione
1378 4465 1437 4535 ipsc

157 4535 324 4607 Nettleahip.
344 4555 406 4591 cum
426 4539 497 4591 banc
518 4541 735 4593 controversiam
755 4540 897 4610 ignoraret
918 4575 925 4580 -
949 4539 1159 4605 ‚Canoniciano
1177 4538 1219 4590 illi
1236 4544 1288 4591 244
1303 4538 1436 4590 honestus

156 4625 189 4661 nc
208 4607 282 4661 inter
300 4608 426 4663 eiusdem
445 4610 557 4678 quidem
577 4611 686 4676 generis
703 4612 811 4665 codices
827 4612 904 4665 locus
919 4612 1062 4680 adsignari
1079 4613 1183 4679 potest:
1204 4609 1292 4662 11111111
1308 4609 1436 4662 meliores

156 4678 283 4733 Parisini.
305 4713 337 4719 -
357 4681 392 4733 ad
417 4681 537 4750 priorem
563 4681 638 4734 illius
663 4687 770 4751 partem
795 4685 868 4751 quod
893 4683 1008 4746 attinet,
1033 4682 1133 4751 incipit
1156 4683 1243 4734 codex
1268 4681 1303 4734 ab
1329 4680 1436 4734 ultimis

157 4750 248 4803 verbis
268 4768 311 4820 ep.
326 4752 350 4817 l,
372 4757 386 4804 7
407 4753 526 4823 (diligit
598 4754 759 4822 habemus’)
782 4754 912 4824 ipsasque
937 4753 1072 4822 epistulas
1093 4753 1204 4823 vulgari
1224 4771 1334 4823 prorsus
1354 4755 1437 4805 modo

156 4822 344 4876 conformatas
373 4823 500 4888 exhibet,
529 4824 546 4879 i.
571 4842 592 4878 e.
623 4825 722 4878 ductas
746 4843 779 4879 ex
802 4826 877 4878 malo
901 4824 996 4895 aliquo
1020 4825 1140 4880 Medicei
1162 4831 1209 4885 49,
1235 4831 1249 4877 7
1273 4825 1437 4895 apographo
