3286 5460
455 393 711 448 EPISTVLARVM
730 393 762 448 x.
783 398 824 448 ιε.
846 397 886 447 1a.
906 397 948 447 ao.
968 398 1010 447 ar.
1305 390 1369 452 259

92 576 189 638 posse
217 577 277 620 nec
304 554 403 639 vinci,
431 579 568 641 quorum
597 557 730 622 alterius
759 555 890 620 fortuna
918 560 1044 638 partem
1071 554 1172 617 habet
1199 553 1371 637 quandam,

92 661 233 726 altemm
255 662 424 746 proprium
448 667 499 727 est
523 662 711 747 prudentiae
730 667 814 727 tuae.
855 661 909 725 sed
929 660 1037 744 accepi
1057 660 1186 724 litteras
1206 682 1225 724 a
1244 659 1370 743 collega
1388 675 1403 721 a

92 772 160 851 tuo,
183 768 276 833 datas
296 768 408 834 Idibus
426 768 533 854 Maiis,
556 771 589 833 in
609 771 727 854 quibus
747 774 818 834 erat
843 779 874 832 le
899 768 938 832 ad
963 788 997 831 se
1021 766 1189 850 scripsisse
1209 787 1228 829 a
1246 765 1369 849 Lepido

91 897 158 940 non
182 875 282 960 recipi
300 875 493 941 Antonium:
518 877 602 960 quod
628 877 691 940 erit
715 876 845 958 certius,
869 875 896 938 si
920 878 957 938 tu
981 873 1020 937 ad
1043 896 1103 938 nos
1127 873 1211 936 idem
1236 873 1369 958 scripse-

64 982 153 1067 ⁵ris;
180 983 235 1048 sed
263 984 369 1048 minus
394 984 492 1048 audes
515 982 655 1048 fortasse
679 988 812 1069 propter
840 983 969 1046 inanem
996 980 1157 1045 laetitiam
1184 980 1369 1044 litterarum

93 1089 306 1173 superiorum.
351 1112 477 1172 verum,
506 1095 544 1153 ut
572 1112 693 1173 errare,
720 1090 764 1153 mi
792 1088 926 1172 Plance,
952 1088 1158 1171 potuisti-
1182 1088 1254 1171 quis
1283 1088 1369 1151 enim

93 1195 124 1259 id
149 1195 321 1282 effugerit?
344 1233 401 1279 -,
428 1197 475 1261 sic
498 1197 602 1280 decipi
625 1200 659 1260 te
682 1218 748 1260 non
770 1197 916 1280 potuisse
944 1196 1017 1280 quis
1045 1217 1110 1259 non
1138 1194 1247 1258 ridet?
1284 1216 1368 1258 nunc

93 1323 170 1366 vero
198 1304 296 1367 etiam
322 1302 417 1388 [iam]
441 1303 560 1367 erroris
588 1324 686 1367 causa
713 1302 889 1384 sublatast3
920 1303 1015 1387 culpa
1042 1303 1128 1366 enim
1157 1302 1212 1365 illa
1236 1301 1304 1365 ‘bis
1328 1301 1368 1365 ad

92 1409 245 1474 eandem’
278 1410 404 1494 vulgari
437 1409 632 1494 reprehensa
664 1408 835 1493 proverbio
869 1415 927 1474 est.
973 1409 1037 1492 sin,
1069 1412 1106 1472 ut
1138 1408 1297 1492 scripsisti
1328 1409 1367 1471 ad

49 1539 78 1577 ιο
92 1515 266 1601 collegam,
294 1517 342 1581 ita
364 1539 398 1581 se
423 1538 474 1580 res
496 1517 611 1600 habet,
639 1516 728 1581 omni
757 1538 834 1581 cura
860 1515 992 1580 liberati
1020 1538 1145 1599 sumus,
1173 1537 1232 1580 nec
1259 1520 1367 1580 tamen

92 1622 213 1686 erimus
236 1623 338 1708 prius,
360 1645 457 1708 quam
480 1623 528 1687 ita
551 1645 621 1688 esse
645 1627 682 1687 tu
705 1645 765 1687 nos
789 1622 903 1688 leceris
927 1623 1090 1687 certiores.
1134 1644 1206 1686 mea
1230 1623 1368 1706 quidem,
1387 1639 1403 1684 3

94 1733 129 1792 ut
156 1731 197 1794 ad
224 1735 257 1795 te
286 1730 415 1815 saepius
444 1731 574 1816 scripsi,
605 1730 685 1795 haec
716 1731 876 1794 sententia
904 1735 966 1794 est:
1000 1730 1055 1815 qui
1085 1729 1238 1814 reliquias
1271 1730 1367 1793 huius

93 1836 170 1901 belli
198 1838 412 1922 oppresserit,
444 1860 518 1902 eum
546 1838 649 1902 totius
679 1837 755 1903 belli
789 1837 1004 1903 confectorem
1035 1837 1117 1922 fore3
1150 1859 1246 1920 quem
1273 1841 1307 1901 te
1335 1841 1368 1900 et

92 1947 169 2026 opto
198 1966 268 2009 esse
297 1950 330 2008 et
358 1945 484 2010 confido
514 1944 669 2010 futurum.
715 1945 824 2009 studia
851 1967 923 2008 mea
952 1965 1030 2029 erga
1058 1948 1104 2028 te,
1134 1944 1252 2028 quibus
1281 1948 1367 2008 certe

47 2071 76 2110 rs
90 2049 180 2113 nulla
203 2072 274 2115 csse
293 2052 418 2116 maiora
438 2055 623 2136 potuerunt,
646 2051 708 2115 tibi
733 2055 800 2115 tam
824 2055 920 2137 grata
944 2073 1023 2134 esse,
1049 2072 1146 2133 quam
1170 2072 1231 2135 ego
1256 2049 1367 2134 putavi

88 2155 165 2239 fore,
189 2155 322 2220 minime
340 2157 442 2221 miror
462 2156 731 2241 vehementerque
757 2158 873 2221 laetor:
897 2178 979 2241 quae
1004 2158 1134 2241 quidem
1157 2161 1203 2237 tu,
1226 2157 1253 2221 si
1279 2162 1367 2221 recte

87 2262 162 2327 istic
185 2263 257 2346 erit,
281 2265 406 2328 maiora
428 2268 462 2327 et
486 2264 638 2349 graviora
661 2285 845 2349 cognosces.
888 2283 939 2328 1111
962 2263 1000 2327 K.
1020 2262 1088 2328 Iun.

616 2477 702 2543 nn.
737 2476 841 2564 (aas.)

504 2619 705 2686 eunucus
730 2618 950 2685 oronaom.

46 2783 73 2821 aa
177 2763 318 2828 Puderet
346 2786 397 2828 me
425 2764 664 2829 inconstantiae
688 2786 834 2828 mearum
857 2764 1054 2848 litterarum,
1085 2764 1113 2827 si
1135 2786 1202 2828 non
1224 2765 1304 2828 haec
1328 2787 1366 2829 ex
1389 2781 1399 2826 1

87 2871 193 2935 aliena
215 2870 349 2935 levitate
373 2871 558 2955 penderent.
605 2871 713 2935 omnia
736 2872 813 2955 feci,
836 2893 901 2954 qua
924 2893 958 2934 re
982 2870 1104 2953 Lepido
1128 2871 1302 2935 coniuncto
1326 2871 1367 2934 ad

88 3000 157 3042 rem
178 3000 208 3061 p.
234 2977 469 3042 defendundum
493 2978 617 3042 minore
637 2977 856 3043 sollicitudine
881 2982 990 3042 vestra
1012 2977 1148 3061 perditis
1168 2978 1366 3042 resisterem:

88 3085 197 3148 omnia
225 3085 255 3148 ei
283 3089 316 3150 et
343 3086 467 3168 petenti
497 3086 603 3169 recepi
627 3090 660 3150 et
682 3086 770 3149 ultro
797 3085 965 3170 pollicitus
996 3106 1067 3148 sum
1097 3084 1276 3168 scripsique
1305 3084 1367 3148 tibi

87 3190 185 3254 biduo
219 3195 295 3255 ante
327 3193 487 3256 confidere
515 3215 566 3256 me
597 3192 683 3257 bono
712 3192 835 3276 Lepido
868 3213 938 3256 esse
971 3213 1105 3255 usurum
1139 3192 1366 3275 communique

49 3315 75 3353 ²5
89 3297 226 3362 consilio
256 3298 378 3362 bellum
406 3299 722 3383 administraturum,
755 3298 876 3363 credidi
904 3297 1131 3382 chirographis
1159 3298 1242 3381 eius,
1274 3297 1366 3362 adfir-

88 3405 223 3467 mationi
242 3404 423 3488 praesentis
443 3404 640 3489 Laterensis,
664 3405 718 3489 qui
742 3411 812 3469 tum
835 3406 919 3489 apud
944 3427 995 3469 me
1019 3409 1089 3468 erat
1112 3404 1366 3469 reconciliarem·

89 3532 149 3592 que
168 3533 220 3575 me
240 3509 363 3595 Lepido
382 3511 541 3595 fidemque
560 3511 714 3576 haberem
733 3513 858 3576 orabat.
888 3534 955 3576 non
974 3512 1067 3576 licuit
1086 3511 1207 3575 diutius
1230 3511 1308 3575 bene
1327 3511 1365 3574 de

87 3639 124 3680 eo
153 3639 296 3701 sperare:
323 3617 405 3682 illud
433 3623 520 3682 certe
550 3620 619 3682 cavi
649 3623 682 3682 et
710 3621 845 3702 cavebo,
872 3641 911 3682 ne
940 3639 1013 3682 mea
1041 3616 1232 3682 credulitate
1261 3618 1307 3681 rei
1335 3641 1365 3700 p.

88 3744 213 3788 summa
242 3723 382 3789 fallatur.
430 3747 504 3789 cum
532 3725 658 3789 Isaram
685 3726 805 3790 flumen
833 3748 898 3789 uno
927 3726 978 3789 die
1005 3730 1105 3809 ponte
1136 3725 1251 3789 effecto
1280 3741 1400 3788 exer-a

52 3847 75 3884 ³⁰
88 3831 189 3894 citum
212 3831 428 3896 traduxissem
452 3854 510 3914 pro
535 3832 757 3917 magnitudine
781 3832 827 3896 rei
852 3831 1053 3896 celeritatem
1082 3831 1251 3912 adhibens,
1280 3831 1365 3914 quod

87 3937 226 4019 petierat
248 3960 305 4022 per
328 3938 457 4002 litteras
486 3939 569 4023 ipse,
596 3943 633 4002 ut
661 3942 857 4003 maturarem
885 3939 1009 4023 venire,
1037 3942 1168 4023 praesto
1197 3937 1278 4001 mihi
1301 3937 1365 4000 fuit

88 4047 194 4108 stator
217 4043 285 4108 eius
310 4066 383 4109 cum
407 4045 536 4127 litteris,
561 4045 693 4130 quibus,
716 4067 756 4109 ne
780 4046 936 4127 venirem,
961 4045 1187 4129 denuntiabat,
1211 4066 1244 4107 se
1268 4066 1364 4128 posse

87 4172 142 4232 per
166 4171 201 4214 se
225 4151 382 4216 conficere
401 4152 585 4236 negotium3
608 4152 732 4216 interea
751 4153 791 4215 ad
811 4151 934 4216 Isaram
959 4156 1172 4236 expectarem.
1214 4150 1364 4214 indicabo

88 4267 297 4274 .—..-—-.—-

174 4347 198 4397 3
218 4345 247 4396 te
266 4306 314 4399 sibe
334 4344 362 4414 (d
382 4363 400 4398 a
418 4363 451 4399 m.
473 4346 499 4413 1)
519 4343 664 4426 scripsisse
683 4344 727 4411 H,
753 4347 782 4398 te
801 4344 893 4399 adseri
914 4344 983 4398 sisse
1004 4346 1040 4398 M
1050 4347 1098 4414 114.
1115 4343 1210 4414 recepi
1229 4345 1266 4398 M
1280 4346 1284 4411 Ι
1308 4361 1364 4397 ccr-

87 4412 141 4467 tius
160 4414 207 4482 Μ,
230 4413 334 4469 rectius
355 4415 388 4467 H
407 4419 416 4485 ll
439 4421 463 4470 6
484 4432 576 4469 errare
594 4415 633 4468 mi
652 4415 754 4470 Plance
777 4363 914 4487 potuistii
935 4432 1055 4470 errarem
1074 4415 1112 4468 mi
1137 4415 1179 4484 (id
1197 4416 1246 4485 M)
1264 4432 1365 4484 pance

88 4484 201 4538 uoluisti
213 4485 281 4540 ΜΗ
291 4489 339 4556 118
360 4486 416 4539 iam
428 4495 489 4555 post
504 4489 573 4542 aleos
587 4489 682 4543 notum
695 4490 704 4556 ll
719 4486 814 4541 sublat
802 4491 832 4541 ta
847 4489 951 4541 estM⁰
958 4487 989 4539 H
1000 4490 1009 4557 ΙΙ
1023 4487 1081 4557 bis]
1095 4488 1130 4553 cf
1144 4486 1205 4540 Otto
1222 4488 1363 4555 Spu'cbsc.
1431 4507 1434 4513 ·

88 4556 175 4611 dR’
193 4575 222 4625 p.
239 4563 290 4610 186
313 4560 322 4627 ll
346 4564 387 4612 11
414 4557 540 4612 certioris
559 4560 596 4612 M
615 4564 624 4626 ll
649 4564 689 4612 13.
710 4559 896 4612 confectorem
901 4562 909 4628 l
933 4560 967 4625 cs.
989 4558 1175 4628 Ndpelsbacb
1183 4559 1286 4613 Milllsr
1305 4559 1363 4612 ‘.lat

88 4626 214 4681 Stitistit’
233 4631 343 4697 pall⁸
366 4633 375 4696 Ι]
400 4636 440 4684 14.
461 4632 535 4683 certe
554 4648 604 4684 cm
626 4630 658 4682 H
677 4635 686 4696 [Ι
712 4636 751 4684 15.
771 4629 850 4683 nulla
869 4631 941 4696 esse]
966 4647 1063 4683 rursus
1081 4632 1179 4698 incip-'t
1198 4629 1229 4682 D
1250 4632 1333 4702 ligra
1334 4631 1365 4683 ta

88 4701 247 4837 capgrstam
268 4702 388 4754 radendo
408 4703 520 4768 311121.
541 4700 634 4754 aliena
652 4700 769 4754 leuitate
789 4720 821 4756 cc
840 4701 918 4754 alins
936 4699 1023 4753 lenite
1044 4700 1092 4752 Mc
1106 4703 1171 4769 [121.
1189 4707 1231 4755 22
1252 4647 1333 4754 sdgra
1306 4719 1364 4756 rem

152 4770 195 4824 ese
196 4770 375 4839 ndundam(
377 4772 510 4853 dandam
530 4773 570 4836 D)
595 4772 670 4839 MD,
699 4772 736 4825 ad
759 4772 964 4826 defendendam
990 4788 1092 4841 remp.
1114 4772 1147 4824 H
1166 4774 1176 4841 ΙΙ
1199 4778 1240 4827 23.
1266 4773 1364 4842 scripsi

90 4856 159 4914 quse
177 4841 233 4895 tibi
252 4843 288 4896 M
299 4846 307 4911 ΙΙ
328 4776 375 4897 aa(
391 4842 452 4897 caui
473 4843 571 4911 D(M
572 4845 600 4912 )‚
619 4842 682 4897 ceui
701 4844 766 4897 ΜΗ
784 4847 794 4913 ΙΙ
813 4849 853 4899 33
874 4845 1050 4913 expectarem
1069 4844 1107 4912 H,
1127 4845 1283 4913 spectarem
1302 4844 1365 4897 MD

1097 4934 1152 4987 17*
