3286 5460
586 371 841 427 EPISTVLARVM
860 371 932 425 VIII.
952 377 976 425 6.
998 377 1020 426 7.
1041 376 1065 424 8.
1401 370 1464 434 193

186 533 330 618 priorem
356 539 484 619 partem
512 534 670 619 epistulae
700 534 823 619 scripsi.
870 534 986 598 amabo
1015 539 1060 616 te,
1091 533 1119 597 si
1147 533 1238 618 quid,
1269 534 1355 618 quod
1383 556 1464 618 opus

185 639 300 722 fuerit,
328 640 437 725 Appio
460 640 576 725 facies,
604 641 718 725 ponito
748 664 799 705 me
823 640 856 704 in
880 641 996 726 gratia.
1042 640 1080 704 de
1105 639 1276 704 Dolabella
1299 641 1464 725 integrum

187 745 249 809 tibi
282 769 442 831 reserves,
475 748 610 812 suadeo:
647 753 682 812 et
713 725 789 813 huic
821 748 884 832 rei,
915 748 954 812 de
987 769 1051 831 qua
1083 747 1215 831 loquor,
1247 751 1280 811 et
1310 747 1464 832 dignitati

186 858 260 917 tuae
285 854 524 939 aequitatisque
553 855 699 938 opinioni
726 855 789 918 hoc
812 855 859 918 ita
886 854 991 918 facere
1015 854 1152 938 expedit.
1200 858 1293 936 turpe
1318 852 1379 917 tibi
1403 853 1465 918 erit

161 982 174 1020 u
186 961 363 1044 pantheras
388 959 529 1026 Graecas
554 985 603 1026 me
627 982 694 1026 non
715 961 846 1026 habere.

719 1175 793 1240 vn.
827 1173 932 1263 (128.)

586 1316 773 1384 olnmvs
798 1316 1010 1384 cronno-m
1035 1316 1064 1382 s.

275 1459 379 1535 Quam
408 1461 473 1526 cito
502 1464 539 1525 tu
567 1461 665 1525 istinc
693 1461 844 1527 decedere
875 1462 999 1545 cupias,
1027 1461 1151 1545 uescio;
1179 1483 1239 1547 ego
1268 1461 1398 1545 quidem
1427 1477 1498 1525 eol

187 1568 308 1652 magis,
341 1589 406 1652 quo
438 1566 542 1633 adhuc
574 1567 700 1633 felicius
731 1591 782 1633 res
814 1567 962 1655 gessisti,
996 1567 1071 1632 dum
1102 1567 1178 1633 istic
1208 1568 1287 1652 eris,
1319 1569 1358 1633 de
1388 1569 1464 1632 belli

151 1697 174 1733 n
186 1672 333 1739 Parthici
356 1674 501 1758 periculo
526 1675 704 1758 cruciabor,
726 1699 767 1740 ne
791 1675 876 1741 hunc
900 1676 1003 1740 risum
1022 1698 1130 1741 meum
1149 1680 1255 1740 metus
1275 1675 1377 1759 aliqui
1396 1697 1463 1759 per-

186 1780 305 1845 turbet.
352 1782 518 1846 breviores
545 1783 605 1846 has
634 1783 762 1847 litteras
789 1783 978 1866 properanti
1011 1783 1258 1868 publicanorum
1292 1781 1464 1846 tabellario

186 1887 296 1952 subito
325 1888 411 1973 dedi;
443 1892 500 1954 tuo
529 1888 648 1953 liberto
681 1889 830 1972 pluribus
858 1889 966 1954 verbis
999 1889 1138 1973 scriptas
1168 1888 1272 1973 pridie
1305 1888 1463 1953 dederam.

186 2015 238 2058 res
262 1999 372 2059 autem
400 2018 502 2060 novae
530 1997 638 2060 nullae
667 2018 744 2061 sane
773 1996 970 2078 acciderunt,
998 1996 1062 2060 nisi
1089 1997 1169 2060 haec
1193 1994 1241 2060 vis
1265 1995 1327 2059 tibi
1356 1995 1499 2076 scribis

186 2122 268 2184 quae
301 2106 387 2166 certe
421 2101 487 2167 vis:
524 2100 717 2167 Cornificius
757 2103 944 2167 adulescens
978 2101 1151 2166 Orestillae
1183 2103 1284 2166 filiam
1317 2101 1381 2165 sibi
1414 2102 1465 2165 de

140 2230 170 2267 1⁵
186 2208 333 2294 spondit,
356 2208 458 2273 Paula
476 2208 621 2293 Valeria,
645 2231 738 2273 soror
761 2209 881 2292 Triari,
904 2209 1079 2274 divortium
1104 2210 1172 2274 sine
1197 2231 1302 2294 causa,
1325 2232 1388 2294 quo
1413 2208 1463 2272 die

185 2315 234 2379 vir
258 2338 274 2379 e
298 2315 467 2399 provincia
489 2319 644 2381 venturus
668 2320 746 2400 erat,
770 2317 861 2381 fecit:
885 2320 1028 2400 nuptura
1051 2321 1102 2382 est
1123 2315 1161 2380 D.
1181 2315 1297 2381 Bruto:
1321 2317 1464 2381 nondum

183 2422 397 2506 'frcttuleras
439 2423 544 2487 multa
562 2423 595 2487 in
615 2424 677 2489 hoo
696 2445 813 2509 genere
832 2422 1036 2488 incredibilia
1058 2428 1091 2487 te
1115 2424 1249 2487 absente
1269 2424 1462 2488 acciderunt.

183 2527 315 2594 Servius
344 2529 458 2594 Ocella
484 2529 605 2594 nemini
634 2530 850 2614 persuasisset
877 2552 911 2594 se
940 2530 1110 2595 moechum
1143 2552 1227 2614 esse,
1258 2530 1323 2593 nisi
1355 2529 1463 2594 triduo

183 2635 235 2700 bis
263 2637 441 2722 deprensus
470 2642 565 2703 esset.
612 2629 761 2721 quaer'es:
795 2635 906 2701 ‘ubil'
933 2637 1033 2720 <ubi>
1061 2637 1209 2702 hercules
1239 2657 1300 2722 ego
1330 2636 1463 2701 minime

138 2762 169 2802 so
184 2743 315 2808 vellem:
343 2744 491 2828 relinquo
519 2744 595 2827 tibi,
625 2744 710 2828 quod
735 2744 776 2807 ab
801 2743 874 2807 aliis
899 2765 1048 2828 quaeras3
1075 2766 1179 2829 neque
1203 2743 1289 2808 enim
1313 2742 1463 2827 displicet

183 2849 265 2914 milri
284 2852 515 2936 imperatorem
536 2850 683 2936 singulos
702 2851 896 2934 percontari,
920 2874 993 2915 cnm
1012 2850 1139 2934 quasit
1158 2851 1258 2935 aliqui
1277 2851 1463 2935 deprensus

723 3063 811 3128 vin.
846 3061 927 3151 (95.)

585 3204 775 3271 oramus
799 3204 1010 3273 crunnum
1034 3205 1065 3271 a.

270 3351 360 3436 Etsi,
388 3353 427 3416 de
455 3373 488 3416 re
517 3374 546 3435 p.
576 3371 657 3434 quae
685 3348 747 3412 tibi
775 3348 930 3432 scribam,
958 3346 1077 3433 habeo,
1110 3353 1221 3413 tamen
1247 3349 1343 3432 nihil,
1375 3349 1494 3433 qnodr

138 3477 168 3515 ²⁵
183 3460 289 3544 magis
313 3461 504 3546 gavisurum
527 3461 560 3521 te
584 3460 705 3540 putem,
728 3455 834 3519 habeo
854 3477 951 3540 quam
973 3455 1050 3520 hoc:
1075 3455 1158 3520 scito
1178 3455 1213 3521 C.
1233 3455 1461 3540 Sempronium

182 3564 318 3649 Rufum,
345 3567 410 3630 mel
439 3588 475 3629 ao
504 3563 636 3627 delicias
669 3565 757 3641 tuas,
790 3560 986 3625 calumniam
1019 3563 1160 3626 maximo
1189 3563 1305 3647 plausu
1338 3563 1461 3626 tulisse.

181 3671 355 3756 †quaeris,
387 3695 429 3736 an
457 3670 576 3736 causa?
609 3668 650 3731 M.
670 3667 840 3750 Tuccium,
871 3672 1095 3733 accusatorem
1124 3691 1233 3752 suum,
1265 3674 1341 3752 post
1367 3668 1462 3732 ludos

183 3777 348 3842 Romanos
375 3801 467 3842 reum
491 3778 562 3862 lege
585 3775 695 3838 Plotia
718 3776 756 3839 de
780 3775 811 3839 vi
835 3774 999 3839 fecithoc
1022 3776 1174 3859 consilio,
1207 3776 1292 3861 quod
1322 3776 1462 3858 videbat,

272 3978 296 4026 2.
316 3989 361 4026 me
380 3971 449 4044 (ei)
472 3971 555 4025 Orelli
578 3973 588 4039 11
611 3968 733 4038 gratiam
753 3986 768 4025 ς
792 3971 801 4036 11
825 3973 848 4021 4.
869 3967 999 4037 opinione
1019 3970 1088 4036 MG,
1115 3986 1190 4022 -nem
1209 3969 1237 4024 R
1264 3972 1273 4037 11
1302 3976 1326 4024 5,
1345 3986 1462 4039 graecas

183 4059 226 4096 me
250 4045 297 4112 M,
326 4061 370 4097 me
397 4059 514 4112 graecas
537 4042 578 4107 R,
606 4056 722 4110 graecas
748 4041 781 4093 G.
820 4038 968 4107 Cibyratas
995 4043 1037 4095 ccl
1060 4039 1221 4113 Κιβ-υράτας
1248 4057 1291 4094 me
1318 4040 1415 4095 Orelli¹
1438 4048 1462 4094 et

183 4114 326 4168 Letum
349 4116 389 4185 (p.
405 4117 457 4182 68).
495 4115 530 4176 cs.
551 4113 654 4166 Becher
673 4130 701 4180 p.
720 4117 752 4162 10
774 4113 784 4178 11
808 4117 831 4164 8.
856 4109 921 4163 istic
944 4130 978 4164 eur
1000 4110 1085 4165 istinc
1110 4112 1155 4165 ΜΙ
1183 4115 1192 4180 11
1221 4118 1243 4165 9.
1286 4111 1365 4165 esisti
1385 4112 1440 4166 GR

184 4190 224 4241 10.
249 4185 354 4252 aliquis
379 4186 433 4241 GR
461 4189 470 4251 11
499 4190 540 4237 11.
563 4181 700 4236 breuioris
726 4181 761 4234 M
784 4183 794 4249 11
823 4186 863 4234 14.
888 4181 1095 4236 adulescentior
1119 4184 1204 4251 (adol.
1230 4185 1254 4237 G
1287 4187 1295 4250 1
1324 4186 1367 4236 est
1395 4182 1461 4236 illae

185 4256 242 4323 (ille
262 4257 328 4327 GR)
347 4256 436 4310 filium
455 4258 481 4308 a
495 4258 504 4323 11
519 4260 559 4308 15.
581 4253 678 4322 paullo
697 4256 792 4322 <31116.
813 4252 937 4305 nondum
952 4254 1022 4321 MR,
1042 4272 1097 4307 non
1116 4255 1229 4307 rnodum
1250 4255 1354 4324 61117.
1374 4257 1461 4307 rettu-

185 4325 255 4381 leras
279 4328 371 4396 (retnl.
393 4327 471 4397 GR)]
495 4326 659 4379 rettuleram
681 4325 708 4377 G.
727 4324 761 4377 F.
779 4324 936 4390 Hermann,
960 4324 1131 4399 (resenas)
1155 4327 1196 4381 cel
1220 4325 1357 4397 <dotem>
1376 4329 1461 4378 rettu-

185 4395 255 4452 lerat
273 4400 441 4468 Wesenberg.
475 4399 509 4464 cs.
533 4398 640 4466 Yprrcll
658 4403 676 4450 1,
698 4396 735 4447 lll
752 4413 780 4463 p.
798 4400 846 4447 1131
876 4397 885 4463 11
913 4400 954 4449 18.
979 4396 1104 4467 Servius]
1130 4397 1223 4450 senius
1248 4400 1274 4449 a
1301 4401 1310 4466 11
1339 4402 1379 4450 19.
1404 4397 1461 4467 bis]

185 4469 227 4523 uis
246 4470 289 4537 M,
306 4470 355 4524 nix
375 4471 430 4526 GR
453 4472 462 4538 11
485 4468 674 4537 deprehensus
695 4467 750 4520 GR
767 4468 776 4535 11
795 4468 841 4519 alt.
862 4466 910 4519 ubi
930 4485 980 4521 orn.
1000 4470 1027 4520 o
1049 4471 1058 4537 11
1082 4474 1123 4521 20.
1144 4468 1231 4521 relino
1251 4469 1288 4521 M
1307 4471 1316 4537 11
1340 4473 1381 4521 21.
1401 4485 1462 4536 per-

186 4539 306 4595 contrari
320 4543 362 4610 M,
381 4539 542 4610 percuntari
558 4541 584 4593 G
597 4542 607 4608 11
621 4537 729 4606 aliquid
745 4538 771 4590 G
785 4539 794 4604 11
808 4537 996 4606 deprehensus
1016 4542 1090 4592 esset
1108 4541 1142 4606 G,
1162 4539 1350 4608 deprehensus
1370 4541 1413 4591 est
1427 4539 1462 4602 R,

184 4619 294 4682 uterque
313 4621 418 4668 servum
437 4612 475 4666 sit
497 4615 506 4680 11
529 4617 571 4665 25.
592 4610 645 4663 hoc
664 4607 734 4661 scito
754 4608 800 4674 M,
819 4608 872 4661 hoc
892 4607 930 4661 sit
949 4608 1019 4662 scito
1038 4610 1078 4676 Il,
1098 4610 1151 4663 hoc
1170 4609 1209 4663 sit
1228 4612 1253 4664 G
1276 4614 1286 4679 11
1309 4615 1350 4663 26.
1369 4610 1463 4662 rufum

186 4682 224 4737 bia
241 4687 375 4753 scriptum
392 4686 424 4738 iu
443 4685 480 4737 M
499 4687 508 4751 11
531 4689 573 4736 ⁴27.
594 4679 706 4749 quaeris
731 4696 766 4731 an
786 4695 872 4732 causa
890 4680 967 4745 MR,
990 4697 1026 4733 an
1050 4680 1143 4748 queris
1163 4697 1262 4735 causas
1283 4682 1316 4735 G.
1350 4680 1462 4748 qnaeris

187 4769 239 4819 qua
261 4755 291 4808 in
315 4772 402 4808 causa
426 4772 455 4823 ς,
479 4772 536 4822 qua
559 4751 671 4821 quaeris
696 4750 726 4802 in
748 4766 835 4802 causa
855 4752 883 4805 G.
900 4751 934 4803 F.
951 4751 1096 4806 Hermann
1122 4756 1132 4821 11
1159 4771 1194 4807 m.
1214 4752 1337 4806 tuccium
1356 4753 1402 4818 M,
1425 4769 1462 4805 m.

187 4825 304 4879 tuctinm
322 4827 359 4894 R,
378 4826 498 4879 mutium
518 4826 544 4879 G

236 4923 284 4964 Gru.
300 4937 334 4973 sp.
349 4925 383 4964 ed.
399 4925 613 4965 Mendsluohn.
1217 4918 1250 4965 18
