3314 5460
597 390 855 447 EPISTVLARVM
875 392 947 448 VIII.
967 398 992 447 8.
1012 398 1036 448 9.
1393 395 1457 460 199
1560 440 1564 448 ,

153 578 260 640 quae
290 556 413 620 babent
441 555 703 640 intercessorem,
731 556 765 620 in
793 556 927 621 eandem
955 557 1177 622 condicionem
1206 580 1303 642 quam
1333 562 1458 623 ceterae

144 662 361 749 provinciae
394 667 560 728 vocantur.
607 663 668 729 boc
695 662 777 727 mihi
805 686 871 727 non
898 667 950 728 est
977 664 1125 749 dubium3
1160 687 1225 749 quo
1254 665 1315 730 tibi
1350 665 1456 752 magis

146 770 309 854 scripsi,
331 773 368 834 ut
391 770 431 834 ad
453 769 541 836 hunc
564 774 716 835 arentum
739 775 772 835 te
794 793 936 855 parares.
981 770 1048 836 lere
1072 772 1193 836 litteris
1218 771 1369 837 omnibus
1393 773 1490 838 tibia

141 877 204 942 de
230 877 407 962 pantheris
435 877 565 963 scripsi:
595 882 689 962 turpe
718 878 780 942 tibi
809 878 874 943 erit
897 877 1063 943 Patiscum
1087 875 1222 943 Curioni
1245 881 1356 945 decem
1380 903 1456 965 pan-

98 1012 107 1048 ·.
142 983 286 1050 theras
317 984 459 1071 misisse,
491 988 524 1049 te
551 1005 618 1049 non
649 984 761 1049 multis
794 985 944 1069 partibus
977 985 1097 1070 pluris,
1129 1007 1210 1070 quas
1238 986 1326 1070 ipsas
1355 985 1454 1052 Curio

141 1091 253 1158 mihi
288 1095 324 1156 et
355 1091 436 1157 alias
469 1091 640 1158 Africanas
673 1093 784 1158 decern
816 1091 966 1176 donavit,
997 1115 1037 1156 ne
1071 1096 1167 1177 putes
1199 1092 1292 1156 illum
1325 1097 1454 1158 tantum

141 1200 309 1285 praedia
331 1199 455 1264 rustica
478 1199 553 1264 dare
577 1199 669 1264 scire.
713 1204 758 1284 tu,
783 1198 930 1264 simodo
954 1200 1112 1264 memoria
1136 1198 1278 1264 tenueris
1302 1204 1336 1264 et
1359 1199 1455 1285 ciby-

141 1311 262 1373 ratss
291 1307 478 1372 arcessieris
506 1307 649 1391 itemque
677 1307 711 1371 in
738 1306 968 1392 Pamphyliam
997 1306 1128 1371 litteras
1160 1306 1287 1372 miseris
1312 1343 1353 1353 -
1377 1330 1453 1373 nam

144 1415 214 1480 ibi
246 1415 361 1498 plures
393 1414 465 1498 capi
493 1414 586 1479 aiunt
618 1451 674 1499 -,
706 1413 793 1498 quod
824 1414 929 1498 voles,
960 1412 1087 1479 efficies.
1140 1413 1202 1478 hoc
1230 1413 1454 1479 vehementius

98 1552 116 1587 s
143 1523 288 1586 laboro
322 1543 421 1605 nunc,
454 1522 539 1604 quod
572 1542 702 1586 seorsus
730 1543 750 1584 a
778 1520 905 1605 collega
936 1525 1016 1605 puto
1048 1520 1128 1585 mihi
1161 1521 1270 1586 omnia
1300 1523 1453 1606 paranda.

145 1629 290 1694 amabo
317 1632 359 1712 te,
382 1628 506 1713 impera
529 1627 591 1691 tibi
615 1627 684 1693 hoc.
731 1649 843 1692 curare
866 1627 952 1691 soles
976 1627 1128 1712 libenter,
1151 1632 1189 1692 ut
1212 1649 1273 1714 ego
1297 1628 1454 1693 maiorem

143 1740 301 1822 partem
329 1733 411 1801 nihil
440 1757 565 1801 curare:
596 1735 631 1800 in
658 1733 721 1800 hoc
747 1734 881 1820 negotio
905 1734 996 1798 nulla
1023 1738 1081 1798 tua
1107 1734 1171 1798 nisi
1200 1735 1353 1819 loquendi
1377 1758 1455 1800 curs

146 1848 228 1927 est,
253 1844 321 1908 hoo
343 1849 394 1907 est
416 1842 597 1926 imperandi
621 1846 654 1907 et
677 1842 864 1925 mandandi,
887 1863 973 1925 nem,
996 1840 1194 1926 simulatque
1216 1846 1312 1906 erunt
1331 1846 1453 1926 captae,

146 1950 223 2034 qni
262 1949 355 2014 alant
387 1971 441 2013 eas
469 1951 503 2013 et
532 1949 718 2033 deportent,
750 1947 851 2012 habes
884 1970 954 2032 eos,
987 1970 1068 2032 quos
1101 1949 1140 2012 ad
1170 1947 1346 2014 Sittianam
1380 1973 1453 2033 syn-

98 2079 125 2118 *5
148 2056 334 2143 graphcm
358 2054 446 2139 misi,
473 2059 554 2140 puto
578 2055 690 2137 etiam,
719 2055 748 2119 si
771 2055 871 2119 ullam
896 2077 985 2140 spem
1010 2055 1090 2119 mihi
1118 2054 1239 2120 litteris
1263 2056 1453 2142 ostenderis,

150 2187 219 2228 mo
250 2164 319 2228 isto
347 2162 524 2228 missurum
552 2161 642 2227 alios.
687 2160 730 2226 M.
754 2161 935 2246 Feridium,
965 2183 1012 2246 eq.
1041 2162 1093 2245 R.,
1123 2162 1219 2227 amici
1248 2162 1311 2227 mei
1339 2161 1487 2249 filiurn,4

152 2272 295 2336 bonurn
326 2275 360 2335 et
390 2274 558 2335 strenuum
591 2270 847 2354 adulescentem,
879 2270 934 2355 qui
967 2271 1007 2334 ad
1040 2292 1133 2334 suum
1165 2269 1335 2355 negotium
1367 2271 1451 2336 istoc

151 2378 277 2461 venit,
313 2377 376 2442 tibi
414 2378 603 2443 commendo
636 2386 669 2442 et
701 2381 734 2442 te
766 2398 865 2463 rogo,
901 2381 939 2441 ut
975 2399 1049 2441 eum
1080 2376 1114 2440 in
1149 2381 1280 2441 tuorum
1316 2400 1451 2442 numero

149 2482 307 2549 habeas:
332 2506 437 2570 agros,
461 2506 542 2569 quos
565 2483 762 2549 fructuarios
785 2482 908 2547 habent
932 2484 1091 2567 civitates,
1115 2483 1185 2547 vult
1208 2488 1265 2547 tuo
1285 2485 1451 2569 beneficio,

98 2609 133 2647 το
152 2591 258 2674 quod
288 2590 351 2655 tibi
378 2589 474 2656 facilc
503 2596 537 2656 et
563 2590 738 2655 honestum
767 2588 856 2655 factu
886 2594 948 2673 est,
981 2589 1130 2654 inmunes
1159 2612 1243 2676 esse,
1275 2595 1388 2676 gratos
1418 2598 1451 2656 et

151 2695 275 2763 bonos
299 2699 389 2762 viros
413 2697 474 2762 tibi
495 2698 660 2784 obligaris.
702 2699 779 2763 nolo
803 2704 836 2762 te
860 2702 974 2782 putare
993 2697 1174 2762 Favonium
1198 2721 1217 2762 a
1241 2698 1450 2764 columnariis
1470 2719 1485 2764 5

151 2805 402 2883 praeteritum:
439 2805 583 2890 optimus
620 2804 756 2890 quisque
789 2828 863 2870 eum
900 2827 964 2869 non
996 2803 1084 2870 fecit.
1134 2803 1340 2889 †Pompeius
1373 2810 1449 2870 tuus

153 2916 282 2995 aperte
307 2910 479 2977 Caesarem
503 2916 537 2977 et
558 2911 759 2997 provinciam
788 2917 898 2976 tenere
922 2935 995 2977 cum
1019 2913 1163 2977 exercitu
1187 2918 1220 2976 et
1244 2911 1395 2976 consul*
1412 2912 1450 2999 *3

150 3009 240 3099 ipse
272 3022 385 3083 tamen
417 3018 502 3084 hsnc
535 3020 731 3085 sententiam
759 3019 856 3104 dixit,
888 3020 1015 3083 nullum
1044 3019 1106 3085 hoc
1137 3025 1283 3104 tempore
1317 3026 1448 3085 senatus

98 3124 129 3164 ²⁵
151 3127 357 3191 consultum
389 3125 587 3208 faciendum,
621 3125 730 3211 Scipio
763 3127 861 3209 hanc,
898 3132 935 3191 ut
968 3126 1006 3190 K.
1039 3125 1169 3191 Martiis
1202 3127 1241 3191 da
1273 3127 1448 3210 provinciis

149 3221 300 3318 Galliis,
324 3256 387 3298 neu
411 3233 487 3318 quid
512 3233 711 3299 coniunctim
735 3233 923 3319 referretur,
953 3234 1161 3298 contristavit
1184 3233 1263 3298 haec
1287 3236 1449 3298 sententia

148 3324 313 3405 Balbum
351 3337 554 3425 Cornelium,
597 3345 630 3404 et
667 3339 735 3406 scio
772 3363 845 3405 eum
883 3344 1034 3424 questum
1071 3363 1141 3405 esse
1178 3363 1251 3405 cum
1290 3339 1448 3424 Scipione.

147 3434 317 3512 Calidius
345 3447 379 3511 in
407 3446 593 3513 defensione
622 3470 681 3513 sua
708 3448 772 3513 fuit
795 3448 1041 3531 disertissimus,
1071 3448 1104 3511 in
1134 3448 1338 3512 accusatione
1367 3448 1448 3512 satis

145 3541 318 3641 fisgruus.

142 3665 383 3691 xmo-.

260 3754 284 3803 1.
304 3751 433 3803 caeterae
452 3749 488 3802 M
511 3752 521 3816 1
548 3755 571 3802 3.
596 3748 704 3818 pararis
729 3750 774 3817 M,
802 3766 952 3819 praepares
974 3753 999 3803 (ι’
1025 3753 1035 3814 1
1062 3756 1087 3804 4.
1106 3747 1246 3818 patiacum
1269 3749 1382 3802 curione
1407 3750 1447 3817 M,

142 3819 279 3876 Parthis
297 3836 362 3874 cum
381 3818 495 3875 curione
516 3822 541 3874 G
592 3825 615 3874 7.
634 3820 757 3874 tenueris
777 3837 801 3887 ς,
821 3823 931 3874 teneres
950 3821 1011 3875 MG
1034 3824 1042 3885 11
1066 3825 1090 3874 7.
1111 3825 1134 3874 8.
1155 3819 1298 3887 cybiratss
1318 3822 1358 3888 M,
1379 3820 1448 3875 cibi·

141 3892 243 3946 raras
267 3892 355 3961 Gis.
375 3891 439 3961 capi
459 3890 539 3945 aiunt
557 3891 599 3959 M,
617 3891 733 3961 capiunt
753 3893 856 3959 61110.
878 3909 987 3945 seorsus
1007 3891 1048 3959 M,
1068 3909 1142 3944 -sum
1157 3892 1190 3946 G.
1210 3893 1245 3958 cs.
1261 3892 1448 3961 Rorppltt

144 3955 205 4018 13,
227 3965 261 4017 et
279 3961 395 4016 amandi
416 3964 442 4017 G
464 3966 473 4030 1
498 3969 538 4016 14.
558 3965 589 4016 at
608 3963 645 4016 M
663 3970 672 4029 11
697 3967 737 4017 15.
757 3966 789 4017 in
807 3980 886 4031 spem
908 3965 1009 4018 desinit
1031 3965 1056 4018 G
1078 3967 1088 4033 l
1110 3962 1265 4032 ostenderis
1292 3963 1448 4016 ostenderis

144 4023 237 4105 (exp.
261 4033 339 4102 Μ’ῗ)
357 4034 395 4088 M
414 4037 423 4100 l
447 4038 488 4088 17.
508 4034 545 4087 ad
564 4051 616 4087 sua
633 4034 749 4103 negotia
768 4035 861 4104 Kleyn
886 4037 927 4103 (p.
944 4037 988 4103 35)
1011 4039 1020 4103 l
1043 4034 1117 4088 istuc
1135 4051 1151 4092 ς
1175 4037 1183 4100 11
1208 4041 1248 4089 19.
1269 4034 1374 4088 habeat
1392 4036 1430 4088 M
1439 4037 1448 4102 ll

139 4086 253 4160 habet
273 4105 311 4158 M
320 4105 330 4173 1
343 4110 386 4159 20.
405 4105 496 4176 factu]
515 4105 622 4158 factum
642 4106 678 4158 M
688 4112 697 4174 11
716 4106 778 4187 est]¹
791 4104 829 4158 sit
848 4107 875 4159 0.
894 4106 1089 4160 F.·Hermcnn
1107 4109 1212 4187 (propr⁴
1235 4108 1357 4176 Gottiny.
1379 4111 1447 4159 1853

139 4179 252 4245 215)
276 4180 286 4246 1
310 4181 352 4230 21.
371 4176 499 4229 fauolum
518 4176 633 4242 111123.
653 4193 812 4246 provmcras
833 4178 991 4247 Wesenberp
1010 4181 1019 4245 11
1038 4179 1176 4231 exercitus
1196 4178 1236 4232 M.
1273 4180 1447 4233 materiatum

145 4252 310 4302 Quacum:
339 4249 436 4317 aperta
465 4246 541 4320 <non
564 4247 647 4320 vult>
668 4251 767 4303 ...et
793 4247 957 4320 consul<em
984 4249 1066 4321 ease>
1091 4250 1244 4303 Lambinus
1271 4250 1447 4317 similiterque

149 4314 230 4386 ulii,
262 4319 336 4389 qnod
363 4320 465 4388 probat
488 4319 526 4373 H.
546 4320 648 4374 Nissen
670 4321 775 4388 (histor.
800 4319 929 4374 Zeitscbr.
949 4319 1041 4374 XLVI.
1063 4326 1138 4373 1881.
1160 4339 1189 4389 p.
1210 4326 1252 4388 64,
1272 4322 1300 4389 2)
1327 4321 1447 4374 oliorum

152 4392 368 4460 wpplemto:
395 4389 560 4462 consul<em
587 4390 648 4444 fieri
697 4392 842 4459 reparato
874 4394 883 4459 11
915 4396 956 4444 25.
986 4391 1129 4444 consultus
1159 4391 1196 4443 M
1222 4394 1232 4456 11
1263 4390 1362 4444 martis
1391 4391 1428 4443 M
1438 4393 1446 4431 V

156 4455 207 4515 28.
222 4459 309 4531 gallis
325 4461 366 4516 M.
400 4460 500 4515 Galliis
519 4463 623 4517 delebat
679 4462 800 4529 ,Teuffel
818 4464 896 4530 (mats.
911 4462 998 4517 ercn.
1018 4462 1108 4514 XXlX
1123 4465 1309 4530 1136411127.
1329 4461 1447 4515 balbum

162 4540 200 4607 ἐς
216 4531 335 4586 baldum
354 4533 405 4587 Mc
427 4535 437 4601 11
463 4535 612 4601 quaestum
631 4533 668 4586 M
691 4536 701 4602 11
728 4539 770 4587 28.
791 4532 992 4587 disertissimus
1015 4552 1049 4588 ex
1072 4533 1129 4587 des.
1150 4534 1199 4586 111υ
1227 4536 1235 4601 1
1263 4539 1305 4587 29.
1325 4535 1446 4608 sequitur

98 4672 109 4729 ι
171 4613 198 4653 tn
216 4604 253 4658 M
266 4605 385 4674 repetita
403 4605 469 4658 libri
486 4606 600 4660 meandi
618 4606 736 4676 sperula
754 4606 914 4660 duodecima
