3286 5460
559 376 816 434 EPISTVLARVM
833 378 892 436 vn.
913 384 954 435 re.
975 385 1016 435 1o.
1035 384 1077 435 ao.
1097 384 1139 436 ar.
1400 380 1463 445 173

185 543 244 628 qui
267 566 465 628 quamquam
488 543 621 628 plurimi
644 547 733 628 sunt,
761 542 928 609 doctorem
951 547 1062 609 tamen
1083 565 1243 627 usumque
1266 543 1463 610 desiderant:

186 673 384 735 quamquam
411 654 463 735 tu,
496 651 524 715 si
552 653 678 716 attente
708 651 813 736 leges,
844 650 872 716 si
899 651 1042 736 saepius,
1072 672 1132 734 per
1158 655 1190 715 te
1219 650 1329 716 omnia
1356 673 1464 717 conse·

186 778 284 841 quere
312 761 464 823 atcerte
498 755 685 842 intellegas3
718 761 756 821 ut
785 779 861 822 vero
895 758 993 822 etiam
1021 756 1084 841 ipsi
1112 755 1174 821 tibi
1204 757 1268 821 loci
1295 759 1465 843 proposita

186 864 377 949 quaestione
402 866 588 947 occurrant,
614 863 846 929 exercitatione
870 884 1077 949 consequere,
1106 864 1142 928 in
1165 884 1229 948 qua
1251 864 1381 947 quidem
1404 883 1470 929 nos¹

157 975 220 1034 ste
244 969 497 1055 continebimus,
526 971 553 1034 si
576 973 610 1035 et
633 971 714 1035 salvi
743 971 932 1036 redierimus
961 976 995 1036 et
1023 971 1111 1035 salva
1138 971 1204 1035 ista
1227 968 1463 1035 offenderimus.

186 1097 210 1143 v
234 1076 272 1141 ιι.
297 1075 409 1143 sextu.
432 1076 546 1163 aegro.

721 1272 792 1338 xx
827 1270 930 1360 (334.)

600 1431 758 1498 cicuuo
780 1430 1001 1498 unassnmo
1025 1431 1057 1498 s.

277 1573 460 1639 Amabilior
490 1575 571 1639 mihi
599 1573 695 1640 Velia
726 1574 803 1659 fnit,
835 1574 921 1659 quod
949 1580 982 1639 te
1010 1574 1052 1639 ab
1080 1597 1119 1639 ea
1146 1575 1232 1640 sensi
1260 1575 1376 1660 amari3
1409 1576 1498 1640 sed1

146 1709 173 1746 ιο
188 1682 266 1765 quid
294 1703 355 1767 ego
383 1682 489 1747 dicam
516 1686 563 1766 te,
595 1704 692 1766 quem
719 1682 792 1766 quis
818 1703 885 1746 non
912 1682 1023 1746 amat?
1068 1681 1179 1765 Rufio,
1210 1682 1334 1748 medius
1360 1682 1467 1767 fidius,

188 1792 265 1853 tuus
288 1788 336 1853 ita
362 1789 620 1872 desiderabatur,
646 1791 684 1851 ut
712 1788 740 1852 si
768 1793 854 1853 esset
884 1810 967 1852 unus
991 1810 1008 1852 e
1031 1788 1139 1872 nobis3
1169 1788 1225 1853 sed
1252 1792 1284 1852 te
1312 1809 1374 1873 ego
1400 1812 1466 1855 non

189 1895 402 1980 reprehendo,
435 1894 490 1979 qni
523 1895 616 1959 illum
646 1894 685 1958 ad
716 1893 974 1960 aedificationem
1007 1899 1098 1959 tuam
1130 1895 1324 1979 traduxerim
1358 1918 1466 1981 quam·

190 2023 288 2085 quam
312 2002 398 2066 enim
421 2001 517 2067 Velia
539 2024 603 2066 non
629 2005 680 2066 est
702 2001 799 2067 vilior
821 2023 919 2085 quam
942 2001 1114 2086 Lupercal,
1138 2006 1247 2066 tamen
1270 2001 1355 2068 istuc
1379 2005 1465 2068 malo

190 2128 289 2191 quam
316 2109 396 2173 haec
424 2109 541 2174 omnia
588 2113 639 2194 tn,
671 2108 699 2173 si
727 2131 778 2172 me
807 2109 931 2192 audies,
964 2131 1060 2193 quem
1092 2108 1192 2193 soles,
1223 2108 1282 2172 has
1315 2113 1467 2193 paternas

155 2240 178 2277 rs
191 2213 413 2297 possessiones
437 2215 563 2280 tenebis
591 2253 628 2261 -
654 2214 763 2280 nescio
792 2214 868 2297 quid
897 2214 984 2278 enim
1006 2213 1173 2280 Velienses
1198 2215 1393 2280 verebantur
1419 2255 1469 2301 —,

190 2341 294 2403 neque
316 2319 482 2405 Haletem,
504 2319 649 2385 nobilem
673 2343 815 2403 amnem,
838 2320 1000 2404 relinques
1023 2343 1082 2385 nec
1105 2321 1314 2405 Papirianam
1337 2323 1469 2387 domum

190 2427 331 2493 deseres:
355 2448 553 2511 quamquam
575 2426 632 2491 illa
651 2428 785 2510 quidem
809 2428 909 2492 habet
932 2427 1051 2511 lotum,
1074 2451 1094 2492 a
1117 2451 1180 2512 quo
1205 2429 1304 2492 etiam
1328 2429 1469 2495 advenae

190 2533 296 2598 teneri
319 2534 427 2598 solent
453 2571 489 2579 —
517 2555 612 2619 quem
636 2539 747 2598 tamen
770 2533 798 2597 si
823 2534 992 2618 excideris,
1022 2535 1161 2599 multum
1184 2537 1389 2620 prospexeris
1412 2563 1469 2622 -3

190 2641 247 2705 sed
266 2641 300 2705 in
319 2640 433 2724 primis
449 2644 669 2725 opportunum
684 2640 820 2723 videtur,
838 2638 890 2703 his
910 2641 1102 2724 praesertim
1120 2641 1332 2726 temporibus,
1350 2642 1469 2708 habere
1489 2661 1504 2708 a

146 2768 177 2808 ac
187 2747 378 2832 perfugium
406 2747 547 2832 primum
578 2770 689 2813 eorum
718 2747 847 2831 urbem,
879 2746 996 2830 quibus
1025 2770 1120 2813 carus
1148 2748 1206 2831 sis,
1239 2748 1351 2812 deinde
1380 2753 1469 2813 tuam

186 2855 324 2919 domum
348 2859 486 2939 tuosque
510 2875 620 2938 agros,
644 2876 745 2938 eaque
769 2858 911 2937 remoto,
939 2853 1076 2937 salubri,
1100 2877 1235 2920 amoeno
1260 2854 1346 2938 loco,
1374 2855 1469 2940 idque

184 2962 291 3026 etiam
323 2982 397 3025 mea
428 2959 603 3046 interesse,
634 2961 681 3025 mi
709 2959 861 3044 Trebati,
892 2960 1045 3025 arbitror.
1091 2962 1146 3026 sed
1179 2961 1302 3026 valebis
1335 2984 1470 3046 meaque

178 3068 326 3154 negotia
358 3066 483 3132 videbis
514 3089 629 3151 meque
662 3066 712 3131 dis
745 3066 932 3132 iuvantibus
964 3070 1039 3130 ante
1073 3068 1221 3132 brumam
1258 3068 1470 3153 exspectabis.

175 3196 254 3262 ego
278 3198 298 3240 a
322 3173 394 3239 Sex.
418 3173 534 3258 Fadio,
561 3173 697 3239 Niconis
721 3173 896 3258 discipulo,
926 3173 1047 3238 librum
1076 3174 1196 3258 apstuli
1219 3177 1374 3251 Νίκωνος
1395 3172 1504 3261 erepla

138 3322 139 3327 κ
168 3285 417 3365 πολυφαγίαςε
455 3305 474 3346 o
506 3281 666 3347 medicum
704 3303 836 3346 suavem
872 3303 988 3365 meque
1021 3280 1159 3346 docilem
1192 3282 1231 3345 ad
1264 3282 1347 3346 hanc
1379 3281 1472 3346 disci·

159 3388 332 3471 plinaml
370 3389 425 3453 sed
444 3387 567 3454 Bassus
588 3392 700 3453 noster
722 3410 773 3452 me
796 3388 835 3452 de
858 3388 921 3453 hoc
944 3387 1029 3452 libro
1049 3387 1179 3472 celavit,
1201 3390 1234 3451 te
1258 3387 1388 3471 quidem
1405 3410 1472 3454 non

162 3495 332 3559 videtur.
372 3501 487 3561 ventus
511 3495 729 3561 increbrescit.
772 3516 857 3580 eura,
881 3499 918 3559 ut
941 3494 1058 3558 valeas.
1095 3511 1158 3558 xm
1179 3491 1218 3557 Κ.
1239 3491 1327 3558 Sext.
1347 3492 1450 3558 Velia.

721 3725 807 3791 xxi.
841 3723 946 3813 (331.)

603 3885 763 3952 cronno
787 3885 1010 3951 anselmo
1036 3883 1066 3950 s.

286 4027 360 4094 Silii
379 4051 510 4095 causam
534 4033 566 4094 te
591 4030 698 4094 docui:
722 4030 750 4095 is
774 4035 888 4113 postea
911 4029 975 4094 fuit
994 4029 1079 4113 apud
1098 4050 1157 4092 me.
1194 4050 1267 4092 cum
1286 4029 1315 4094 ei
1334 4028 1474 4094 dicerem

139 4131 255 4204 tibi
298 4137 400 4201 videri
442 4137 650 4220 sponsionem
691 4137 783 4200 illam
822 4159 882 4201 nos
925 4137 993 4201 sine
1034 4135 1178 4220 periculo
1220 4135 1324 4200 faeere
1365 4158 1474 4219 pesse:

144 4252 408 4273 X--ffl

287 4337 310 4384 l.
336 4346 471 4398 usumque
495 4330 647 4400 Epootias,
677 4346 817 4397 unumque
841 4330 916 4396 MR,
946 4347 1031 4381 unum
1058 4346 1141 4397 quem
1169 4330 1194 4383 G
1223 4333 1232 4396 n
1259 4336 1283 4383 2.
1307 4346 1357 4398 per
1382 4331 1409 4383 te
1433 4330 1475 4397 M,

144 4402 285 4463 Petite
306 4402 361 4456 GR
386 4406 395 4467 ll
421 4408 445 4455 3.
462 4408 525 4469 post
543 4404 618 4455 certe
638 4404 668 4455 iar
687 4402 722 4454 M
738 4418 806 4455 erus.
827 4404 855 4454 et
874 4406 884 4469 ll
907 4406 947 4454 11.
967 4417 1001 4453 ex
1020 4400 1101 4453 nobis
1122 4402 1147 4454 G
1166 4405 1175 4470 ΙΙ
1195 4405 1236 4455 13.
1256 4404 1351 4454 tamen
1370 4419 1420 4456 em.
1441 4402 1474 4455 G.

151 4469 224 4529 im
243 4478 308 4544 ipsa
325 4476 460 4527 semotio
477 4474 564 4527 haesit
583 4473 689 4540 Schrltz,
706 4475 770 4539 fort.
790 4476 850 4527 iore
873 4474 882 4541 ΙΙ
907 4479 947 4526 lb.
967 4471 1041 4524 enim
1061 4471 1129 4539 quid
1150 4472 1174 4524 G
1198 4476 1207 4540 Η
1232 4477 1272 4525 16.
1292 4471 1415 4526 haletem
1434 4474 1475 4539 M,

153 4544 299 4601 alerem
318 4544 355 4612 R,
373 4544 509 4598 athletem
529 4546 562 4599 G.
587 4544 715 4598 Haletem
734 4547 771 4598 ud
790 4546 848 4598 Ao.
865 4543 937 4611 XVI,
954 4548 976 4610 7,
993 4550 1008 4593 ι’)
1027 4544 1168 4610 (Straboni
1183 4548 1280 4612 1225‘2
1301 4543 1361 4597 Cas.
1380 4561 1477 4598 aoruca

159 4619 226 4673 (ῑό
254 4618 449 4685 interpolatore
475 4617 595 4684 illatam)
623 4619 632 4684 11
659 4615 852 4685 Papirianam]
876 4618 1022 4683 paternam
1048 4614 1165 4667 Hcocllr
1187 4619 1241 4683 (op.
1262 4615 1402 4685 Paulyum
1420 4631 1476 4670 cue,

161 4681 295 4759 Stulta.
316 4687 361 4754 Vl,
376 4693 392 4739 2
408 4706 437 4755 p.
453 4691 534 4755 2078)
555 4692 563 4755 ss
585 4688 698 4740 domum
717 4706 768 4740 cru.
789 4688 843 4740 GR
867 4693 876 4753 ΙΙ
902 4693 941 4740 17.
962 4685 1050 4738 lotum
1070 4686 1112 4750 M,
1131 4683 1221 4737 lutum
1242 4685 1305 4753 GR,
1325 4685 1419 4739 lucum
1438 4688 1477 4756 5l

166 4754 235 4816 24.
255 4758 337 4813 sabio
356 4760 381 4812 G
394 4763 404 4828 l
418 4761 562 4821 Νεικωνος
581 4764 635 4827 Ωῃ
656 4766 698 4814 26.
717 4758 819 4812 balbus
839 4760 864 4813 G
884 4763 893 4827 l
912 4764 953 4810 27.
974 4754 1142 4810 increbeacit
1161 4759 1186 4811 G
1201 4760 1210 4826 ΙΙ
1224 4756 1293 4810 uilia
1312 4759 1348 4811 M
1363 4764 1373 4827 u
1391 4762 1433 4812 30.
1454 4757 1477 4810 is

175 4840 244 4886 0²2⁸.
266 4831 373 4899 01131,
393 4829 498 4883 uideris
518 4831 553 4883 M
