3286 5460
616 368 873 426 misrrumum
891 369 937 423 ui.
958 374 981 423 r.
1001 372 1025 422 s.
1198 448 1201 453 ⁴
1423 367 1462 430 61

184 541 265 602 runt
287 539 437 619 sumptus
461 533 590 599 decerni
613 532 732 618 legatis
756 532 853 597 nimis
878 553 1023 618 magnos,
1047 553 1121 596 cum
1141 530 1301 631 Qendq
1315 528 1464 596 civitates

182 666 251 709 non
279 646 397 708 essent.
436 639 491 704 hic
514 661 575 725 ego
600 639 704 704 multa
732 639 830 703 simul
859 637 1012 723 cogitavi.
1053 639 1196 722 primum
1224 620 1270 721 te,
1298 637 1500 702 hominems

183 772 251 815 nou
274 749 380 814 solum
410 746 604 831 sapientem,
632 768 745 811 verum
773 745 886 831 etiam,
912 749 950 809 ut
977 767 1062 810 nuno
1090 745 1268 829 loquimur,
1297 744 1466 829 urbanum,

183 878 250 922 non
273 855 458 920 arbitrabar
481 874 599 938 genere
622 852 687 916 isto
711 852 914 937 legationum
937 851 1106 936 delectari,
1129 851 1225 936 idque
1248 873 1300 916 me
1323 851 1466 916 arbitror

153 981 169 1021 s
185 962 348 1048 Synnadis
366 983 428 1046 pro
452 958 609 1024 tribunali
629 959 741 1023 multis
760 958 868 1023 verbis
887 958 1117 1044 disputavisse:
1140 958 1282 1043 primum
1295 957 1357 1042 Ap.
1372 957 1465 1024 Glau-

184 1069 276 1134 dium
304 1068 431 1133 senatui
458 1065 644 1151 populoque
676 1064 822 1130 Romano
849 1086 916 1130 non
939 1065 1183 1147 †Mideaesium
1210 1065 1399 1130 testimonio
1424 1100 1466 1110 -

184 1177 221 1241 iu
243 1198 282 1240 ea
305 1174 392 1239 enim
420 1173 552 1239 civitate
580 1170 704 1236 mentio
732 1171 819 1235 facta
846 1175 897 1236 est
923 1208 976 1255 —,
1003 1172 1059 1236 sed
1083 1193 1142 1236 sua
1164 1176 1280 1256 sponte
1304 1193 1374 1236 esse
1397 1171 1466 1235 lan·

185 1283 313 1364 datum3
345 1280 459 1345 deinde
488 1302 538 1344 me
571 1279 636 1342 ista
668 1277 787 1343 vidisse
820 1279 965 1344 accidere
997 1279 1125 1364 multis,
1157 1283 1195 1343 ut
1225 1300 1337 1344 eorum
1369 1299 1467 1343 causa

184 1388 368 1474 legationes
396 1385 535 1450 Romam
568 1384 729 1464 venirent,
763 1385 818 1450 sed
852 1386 898 1450 eis
931 1384 1151 1471 legationibus
1182 1408 1249 1451 non
1281 1384 1466 1450 meminisse

141 1515 171 1554 ιο
185 1496 292 1560 ullum
315 1498 445 1577 tempus
468 1491 621 1556 laudandi
646 1495 702 1556 aut
725 1491 833 1556 locum
856 1492 941 1576 dari3
964 1491 1073 1557 studia
1096 1492 1177 1557 mihi
1200 1514 1313 1558 eorum
1330 1492 1467 1576 placere,

186 1602 276 1686 quod
299 1601 334 1665 in
357 1605 389 1664 te
413 1600 494 1664 bene
514 1598 631 1663 merito
650 1597 737 1683 grati
756 1603 872 1682 essent,
896 1599 1068 1663 consilium
1086 1603 1194 1664 totum
1213 1598 1314 1665 videri
1334 1597 1466 1663 minime

185 1707 420 1790 necessarium3
448 1704 477 1770 si
505 1709 614 1770 autem
642 1704 764 1769 vellent
791 1706 953 1770 declarare
977 1706 1010 1770 in
1035 1728 1072 1771 eo
1097 1706 1241 1772 officium
1265 1729 1373 1790 suum,
1400 1706 1467 1770 lau·

186 1814 341 1878 daturum
366 1835 426 1897 me,
449 1813 478 1877 si
502 1812 557 1897 qui
581 1833 640 1876 suo
665 1815 798 1896 sumptu
820 1811 952 1878 functus
976 1816 1062 1877 esset
1085 1812 1202 1897 officio,
1228 1833 1467 1888 concessurum,

187 1921 216 1985 si
240 1920 404 2005 legitimo,
434 1942 499 1984 non
521 1917 771 2003 permissurum,
799 1918 826 1983 si
850 1919 988 1984 infinito.
1029 1919 1137 2003 †quid
1164 1919 1251 1984 enim
1274 1919 1466 2003 reprehendi

146 2047 173 2088 rs
187 2026 321 2111 potest?
344 2025 409 2090 nisi
433 2025 520 2109 quod
543 2024 634 2088 addis
658 2025 765 2089 visum
783 2047 852 2090 esse
872 2025 1067 2109 quibusdam
1086 2026 1228 2092 edictum
1246 2049 1355 2091 meum
1374 2025 1466 2110 quasi

187 2132 340 2197 consulto
364 2131 403 2196 ad
426 2130 509 2196 istas
532 2130 714 2216 legationes
738 2130 959 2216 impediendas
982 2155 1052 2197 esse
1076 2133 1364 2199 accommodatum.
1401 2132 1467 2197 iam

187 2262 254 2304 non
277 2242 408 2303 tantum
430 2237 513 2301 mihi
536 2236 688 2302 videntur
715 2236 867 2302 iniuriam
894 2238 1000 2304 facere
1029 2240 1072 2324 ei,
1100 2241 1156 2325 qui
1183 2240 1263 2305 haec
1290 2240 1468 2324 disputant,

188 2368 287 2431 quam
316 2345 344 2409 si
374 2343 465 2410 cuius
498 2366 592 2409 aures
619 2344 661 2408 ad
687 2343 772 2410 hanc
794 2344 1047 2429 disputationem
1069 2351 1193 2430 patent.
1234 2347 1357 2413 Romae
1380 2361 1503 2410 com-4

186 2452 284 2536 posui
307 2450 464 2536 edictum3
493 2450 577 2515 nihil
600 2449 708 2515 addidi
730 2449 794 2514 nisi
818 2452 903 2535 quod
932 2452 1096 2537 publicani
1120 2476 1171 2519 me
1195 2456 1367 2539 rogarunt,
1394 2474 1467 2517 cum

154 2557 325 2624 nSamum
352 2558 395 2622 ad
423 2580 474 2623 me
502 2557 681 2640 venissent,
709 2561 747 2621 ut
773 2557 812 2622 de
840 2561 897 2623 tuo
926 2560 1031 2625 edicto
1059 2559 1197 2625 totidem
1224 2559 1333 2624 verbis
1361 2563 1468 2623 trans-

189 2665 309 2729 ferrem
332 2664 367 2728 in
390 2686 507 2729 meum.
549 2662 801 2748 diligentissime
825 2663 984 2748 scriptum
1008 2671 1106 2751 caput
1129 2670 1194 2748 est,
1216 2665 1301 2752 quod
1325 2663 1468 2749 pertinet

189 2773 229 2837 ad
249 2771 443 2836 minuendos
463 2775 614 2855 sumptus
633 2770 817 2835 civitatum:
841 2794 905 2856 quo
924 2773 1083 2857 incapite
1103 2778 1180 2839 sunt
1198 2772 1357 2858 quaedam
1374 2791 1468 2851 nova,

189 2877 350 2943 salutaria
373 2877 576 2960 civitatibus,
600 2877 718 2960 quibus
742 2899 804 2963 ego
827 2899 1024 2964 magnopere
1047 2880 1202 2964 delector,
1232 2881 1294 2945 hcc
1316 2899 1406 2961 vero,
1429 2899 1468 2940 ex

189 3006 255 3069 quo
281 2983 424 3068 suspicio
448 2987 526 3047 nata
548 2987 598 3047 est
622 3006 672 3047 me
696 2983 876 3068 exquisisse
900 2984 1035 3071 aliquid,
1062 2986 1184 3071 inquo
1208 2991 1241 3052 te
1265 2984 1469 3064 offenderem,

141 3107 170 3149 ss
189 3090 393 3156 tralaticium
421 3093 479 3154 est.
520 3110 625 3173 neque
654 3089 741 3154 enim
769 3112 857 3155 eram
884 3094 952 3155 tam
980 3092 1155 3178 desipiens,
1183 3097 1220 3157 ut
1247 3092 1394 3176 privatae
1422 3089 1468 3154 rei

188 3220 290 3264 causa
312 3196 415 3282 legari
434 3200 592 3281 putarem,
616 3194 682 3280 qui,
705 3199 738 3260 et
761 3195 824 3260 tibi
842 3219 908 3262 non
926 3197 1055 3282 privato
1075 3203 1108 3263 et
1125 3220 1185 3283 pro
1204 3221 1239 3263 re
1257 3221 1323 3264 non
1341 3198 1469 3282 privata

187 3329 262 3390 sua,
297 3304 354 3369 sed
387 3303 532 3387 publica,
568 3324 634 3366 non
669 3301 703 3366 in
735 3301 879 3387 privato,
918 3305 975 3370 sed
1007 3305 1043 3370 in
1076 3306 1207 3390 publico
1242 3306 1331 3371 orbis
1364 3308 1469 3369 terrae

281 3581 304 3629 1.
320 3592 383 3629 cum
397 3592 448 3629 cm.
464 3575 520 3630 GR
532 3577 542 3644 ΙΙ
556 3574 707 3628 soluendae
727 3576 774 3644 (-a,
792 3581 824 3629 ut
836 3577 910 3644 solet,
929 3578 968 3646 R)
984 3579 1099 3648 63112.
1114 3581 1212 3633 te-3.
1229 3578 1365 3631 urbanum
1380 3576 1470 3642 adfert

190 3648 309 3718 Qisiatsl.
328 3649 444 3702 laetor.
460 3644 622 3713 vss1,a‚ss
639 3649 649 3714 ΙΙ
667 3651 691 3699 3.
711 3647 797 3716 nuno]
816 3664 883 3700 num
901 3649 939 3701 Μ
947 3652 957 3718 ΙΙ
971 3655 995 3702 4.
1014 3666 1059 3703 me
1077 3667 1127 3706 om.
1148 3651 1174 3706 G
1198 3653 1207 3719 ΙΙ
1230 3654 1254 3703 5.
1275 3646 1408 3718 synnadis
1428 3648 1469 3713 Μ,

182 3716 326 3787 synandis
340 3717 377 3786 R,
395 3716 526 3771 sinnachs
542 3718 568 3772 G
582 3719 591 3785 ΙΙ
605 3722 628 3769 5.
645 3723 668 3770 6.
684 3717 735 3786 Ap.
752 3715 913 3790 Claudium]
928 3720 1003 3788 apud
1018 3721 1141 3775 clodium
1154 3723 1181 3774 Ω
1194 3725 1203 3789 ΙΙ
1218 3727 1241 3774 t.
1257 3718 1408 3789 populique
1419 3719 1455 3770 M
1468 3720 1470 3786 Ῑ

180 3786 375 3843 mideaesium
386 3789 427 3857 M,
441 3787 512 3841 mihi
526 3787 669 3841 deaesium
680 3788 742 3842 Glt.
762 3806 817 3857 qao
828 3789 928 3846 Graeci
941 3794 1058 3847 aomifnis
1072 3794 1237 3862 (ΜΙΔΑΕΩΝ
1251 3793 1369 3846 acerrimi:
1387 3789 1431 3842 He

184 3862 266 3916 ‘laist
286 3860 373 3914 acm!
390 3877 420 3928 p.
435 3862 498 3928 567)
521 3860 611 3926 formo
630 3860 737 3913 Latina
759 3863 1042 3918 massiliensium:
1067 3862 1222 3917 Midaeium
1240 3864 1404 3918 Lachmum
1422 3861 1470 3927 (od

178 3933 276 3987 Iacer.
292 3949 323 4000 p.
338 3933 413 4000 281),
437 3932 509 3999 qaod
527 3947 619 3985 ceram
637 3930 757 3997 videtur,
783 3929 987 3986 Midaeensium
1006 3936 1058 3989 alii
1079 3938 1088 4003 ΙΙ
1112 3940 1135 3989 7,
1155 3934 1185 3988 in
1204 3951 1238 3989 ea
1275 3933 1310 3987 de
1332 3949 1367 3986 ea
1385 3932 1468 3985 Lam·

177 4004 273 4058 him
295 4004 306 4071 fl
328 4008 352 4055 8.
371 4000 440 4072 ista]
461 4001 502 4054 ita
520 4001 799 4072 Martyni-Laquao.
824 4009 853 4056 ot
870 4007 905 4071 cs.
925 4023 946 4058 e.
961 4022 983 4060 c.
997 4005 1044 4073 IV,
1061 4012 1083 4074 7,
1099 4014 1127 4058 2:
1152 4006 1202 4060 sed
1220 4005 1229 4058 i
1251 4021 1295 4058 ern
1314 4003 1399 4057 etiam
1419 4001 1470 4055 illa

178 4073 250 4129 *eidi
268 4088 360 4141 neque
377 4075 406 4126 te
422 4116 427 4126 .
444 4116 449 4125 .
466 4116 471 4125 .
491 4072 610 4141 probare
628 4078 675 4126 cet.
698 4075 707 4140 l
731 4078 754 4127 9,
775 4071 827 4143 eis]
847 4073 882 4127 iis
903 4076 1068 4148 Wesenberg
1087 4077 1131 4131 his
1150 4080 1177 4130 Ω
1195 4080 1204 4146 ΙΙ
1221 4074 1393 4145 meminisse]
1413 4090 1468 4126 me-

177 4143 335 4199 minissem
353 4147 394 4211 a,
414 4142 572 4197 meminisse
592 4159 636 4196 me
654 4144 707 4197 alii
729 4145 738 4212 ss
763 4149 802 4197 10.
823 4146 979 4200 aut—mihi
998 4166 1048 4203 om.
1069 4150 1125 4204 GR
1147 4152 1157 4218 ΙΙ
1181 4155 1221 4203 13.
1242 4148 1265 4202 si
1289 4146 1337 4215 qui
1356 4147 1402 4212 M,
1422 4143 1470 4211 qui

182 4244 247 4300 GR
261 4247 272 4312 11
285 4225 488 4308 concessisum,
508 4258 525 4293 u
539 4260 557 4295 a
573 4247 597 4309 1,
611 4241 647 4294 M
658 4242 667 4308 ΙΙ
683 4247 723 4295 14.
739 4241 807 4309 quid
822 4243 908 4314 enim]
928 4244 997 4314 quid
1016 4246 1046 4299 in
1064 4263 1108 4299 mo
1124 4247 1217 4301 Orelli.
1236 4263 1274 4300 aa
1289 4243 1357 4312 quid
1371 4243 1470 4296 horum

180 4316 243 4384 (vel
262 4317 392 4381 eorum)?
415 4315 449 4381 cs.
470 4313 624 4383 Lcadpras
641 4314 679 4366 ad
695 4312 749 4367 Gic.
766 4331 795 4381 p.
810 4315 890 4369 Rosc.
910 4317 973 4371 Am.
989 4336 1018 4385 p.
1035 4323 1085 4371 211
1101 4336 1138 4387 sq.
1163 4320 1172 4386 ΙΙ
1194 4312 1415 4386 reprehendendi
1434 4313 1470 4380 a,

178 4403 242 4440 om.
259 4385 285 4438 G
299 4387 309 4453 ΙΙ
324 4390 363 4436 15.
384 4383 509 4437 edictum
526 4401 560 4438 ea
577 4382 730 4458 mediatum
744 4385 800 4451 Μ’,
818 4392 849 4439 at
867 4388 920 4441 eid.
935 4389 944 4456 ΙΙ
960 4394 1000 4442 16,
1022 4389 1234 4444 accomodatum
1248 4388 1310 4442 MR
1324 4390 1333 4455 ii
1349 4391 1388 4438 17.
1409 4388 1469 4437 tan-

182 4459 254 4511 tum
271 4458 311 4523 a,
335 4457 394 4508 tam
415 4455 563 4523 Victorias,
583 4456 693 4508 tantam
714 4457 806 4510 Orelli.
830 4459 941 4511 tantum
959 4463 1115 4516 tenuicula
1135 4460 1269 4525 Klotzio¹,
1288 4461 1320 4513 de
1338 4455 1470 4510 iniuriam

183 4525 317 4582 faciendi
340 4544 364 4581 c.
388 4527 508 4580 absolate
522 4528 593 4594 porri
610 4527 690 4580 solito
714 4528 749 4593 cf.
764 4528 917 4598 Landpras
935 4532 972 4585 ad
993 4531 1047 4585 Gis.
1062 4550 1091 4600 p.
1106 4532 1186 4586 Ruso.
1201 4531 1264 4584 Am.
1280 4549 1309 4599 p.
1325 4534 1375 4580 392
1398 4531 1408 4597 ΙΙ
1431 4526 1470 4596 ei]

182 4596 221 4652 hi
240 4599 276 4665 a,
295 4595 317 4649 ii
335 4613 352 4655 ς
370 4600 379 4664 ΙΙ
402 4604 441 4651 1s.
461 4597 573 4668 patent]
592 4599 694 4664 putent
711 4599 738 4650 Ω
760 4599 769 4664 ΙΙ
792 4603 833 4650 23.
854 4616 956 4669 niagno
975 4619 1057 4670 opere
1077 4620 1092 4660 ς
1115 4605 1124 4669 Η
1148 4608 1189 4655 ⁶25.
1209 4599 1416 4655 translaticium
1434 4598 1471 4666 R,

188 4668 362 4723 translatum
383 4669 408 4722 G
431 4671 440 4736 11
463 4667 592 4737 priuatae
610 4669 653 4736 M,
673 4667 697 4719 si
715 4667 825 4735 priuate
844 4671 884 4739 R,
904 4672 928 4724 si
946 4672 1087 4740 prauitats
1108 4675 1133 4726 G
1156 4676 1165 4741 ΙΙ
1188 4678 1229 4726 26.
1249 4688 1336 4728 causa
1354 4689 1387 4725 ex
1405 4685 1470 4723 cau-

189 4758 241 4795 sae
261 4738 316 4806 M¹‚
344 4746 376 4795 ut
393 4741 448 4794 vid.
471 4743 481 4809 11
503 4741 644 4808 putarem,
673 4755 749 4792 areni
777 4743 808 4794 in
835 4760 889 4798 rus,
913 4744 971 4812 M⁰,
995 4745 1043 4811 M,
1071 4747 1200 4813 putarem
1217 4763 1251 4800 ex
1274 4744 1328 4798 -im
1349 4743 1388 4798 G³
1410 4744 1419 4811 il
1442 4743 1472 4794 et

189 4816 331 4882 pro-27.
350 4810 462 4881 privato
480 4829 531 4866 om.
551 4811 606 4868 GR

764 5036 782 5065 ὁ
