3286 5460
558 378 814 432 EPISTVLARVM
834 380 878 434 ΙΙΙ.
899 384 923 434 6.
1335 379 1377 442 57

101 540 220 626 quibus
252 542 313 606 etsi
342 545 374 605 te
403 541 540 606 Tarsum
572 541 734 625 proficisci
766 543 1027 627 demonstrabas,
1060 546 1169 607 tamen
1203 542 1281 606 mihi
1314 564 1379 607 non

101 648 234 712 dubiam
258 670 349 733 spem
372 648 436 712 mei
459 648 669 713 conveniendi
697 649 878 731 adferebas,
907 672 980 715 oum
1008 649 1145 733 interea,
1174 649 1270 714 oredo
1293 650 1379 733 equi-

100 756 189 838 dem,
221 755 371 820 malevoli
404 754 552 820 homines
580 793 616 803 -
643 756 709 821 late
737 757 823 822 enim
850 761 943 840 patet
972 756 1034 821 hoc
1062 755 1178 820 vitium
1207 760 1240 820 et
1268 761 1318 820 est
1346 757 1380 821 in

102 862 215 927 multis
243 900 296 946 -,
324 862 380 926 sed
408 865 519 926 tamen
545 863 750 946 probabilem
778 864 948 928 materiem
975 862 1063 927 nacti
1091 863 1249 927 sermonis
1273 863 1379 949 ignari

71 991 192 1034 smeae
221 968 425 1035 constantiae
453 969 656 1034 conabantur
683 970 823 1035 alienare
848 994 868 1034 a
891 974 923 1035 tc
948 971 1148 1035 voluntatem
1177 991 1296 1052 meam,
1324 969 1379 1052 qui

100 1079 134 1138 te
157 1074 265 1139 forum
289 1075 381 1140 Tarsi
407 1098 517 1162 agere,
541 1080 684 1142 statuere
709 1078 826 1161 multa,
856 1078 1040 1163 decernere,
1062 1077 1204 1142 iudicare
1228 1075 1381 1160 dicerent,

101 1203 176 1246 cum
199 1203 312 1266 posses
337 1183 402 1247 iam
427 1183 586 1266 suspicari
610 1183 671 1248 tibi
695 1206 765 1248 esse
789 1206 983 1268 successum,
1007 1205 1089 1267 quae
1112 1206 1152 1247 ne
1175 1184 1216 1247 ab
1240 1182 1287 1246 eis
1311 1181 1380 1266 qui-

101 1289 176 1352 dem
199 1288 268 1353 fieri
292 1289 444 1371 solerent,
467 1291 522 1374 qui
546 1290 637 1355 brevi
661 1295 807 1375 tempore
831 1290 893 1355 sibi
918 1289 1044 1356 succedi
1063 1294 1225 1374 putarent.
1262 1289 1415 1354 horama

102 1416 165 1480 ego
189 1417 336 1461 sermone
360 1418 426 1462 non
449 1397 612 1482 movebar,
635 1398 713 1482 quin
738 1398 846 1482 etiam,
870 1397 981 1463 eredas
1005 1396 1050 1461 mi
1070 1396 1177 1483 velim,
1200 1397 1228 1461 si
1248 1396 1325 1479 quid
1344 1400 1380 1460 tu

56 1525 88 1564 ro
103 1523 231 1588 ageres,
259 1502 360 1566 levari
388 1524 439 1566 me
467 1503 624 1586 putabam
653 1503 806 1569 molestia
834 1509 929 1569 etex
957 1526 1063 1569 annua
1091 1504 1271 1588 provincia,
1299 1525 1381 1588 quae

103 1609 185 1672 mihi
208 1609 309 1695 longa
331 1609 502 1693 videretur,
526 1633 626 1695 prope
651 1611 715 1676 iam
738 1611 887 1677 undecim
906 1634 1076 1676 mensuum
1099 1609 1300 1694 provinciam
1319 1609 1382 1674 fao-

102 1720 172 1780 tam
196 1738 267 1781 esse
291 1717 485 1802 gaudebam,
513 1717 542 1781 si
566 1717 692 1802 apsenti
718 1718 798 1783 mihi
822 1717 917 1783 unius
946 1717 1067 1782 mensis
1095 1718 1189 1781 labor
1216 1717 1381 1782 detractus

102 1826 204 1887 esset:
236 1822 330 1906 illud,
362 1845 436 1888 vere
464 1824 583 1909 dicam,
615 1847 666 1888 me
700 1829 822 1908 movet,
854 1825 888 1890 in
918 1828 1011 1890 tanta
1044 1824 1185 1888 militnm
1217 1823 1382 1906 paucitate

102 1929 217 1994 abesse
246 1929 307 1994 tris
335 1930 450 2014 cortis,
482 1953 563 2016 quae
592 1930 659 1996 sint
688 1931 909 2017 plenissimae,
941 1954 1000 1996 nec
1027 1954 1079 1997 me
1107 1931 1189 1995 seire
1217 1931 1273 1995 ubi
1302 1930 1382 2014 sint3

55 2055 87 2097 rs
104 2035 335 2102 molestissime
364 2041 473 2102 autem
497 2037 580 2123 fero,
608 2039 707 2123 quod,
735 2043 768 2104 te
791 2038 847 2104 ubi
872 2039 999 2104 visurus
1023 2038 1099 2122 sim,
1128 2037 1251 2121 nescio,
1279 2059 1381 2121 eoque

103 2142 144 2206 ad
164 2148 196 2207 te
216 2143 341 2207 tardius
356 2143 481 2227 scripsi,
502 2145 587 2228 quod
607 2145 724 2210 cotidie
743 2150 775 2210 te
795 2146 902 2230 ipsum
922 2146 1143 2231 expectabam,
1167 2167 1240 2210 curn
1259 2145 1382 2208 interea

103 2271 143 2312 ne
168 2247 298 2314 litteras
321 2250 451 2334 quidem
474 2251 558 2316 ullas
582 2252 701 2336 accepi,
725 2274 806 2336 quae
829 2275 881 2316 me
904 2253 1066 2337 docerent,
1089 2251 1165 2335 quid
1189 2272 1302 2337 ageres
1326 2254 1383 2315 aut

103 2356 161 2420 ubi
185 2360 218 2420 te
242 2353 370 2420 visurus
394 2378 506 2421 essem.
544 2357 655 2442 itaque
675 2359 780 2423 virum
803 2359 923 2423 fortem
947 2359 1091 2444 mihique
1114 2358 1148 2421 in
1171 2357 1285 2441 primis
1308 2379 1382 2441 pro·

19 2445 24 2452 ’
103 2463 232 2545 batum,
261 2460 299 2526 D.
318 2461 514 2547 Antonium,
540 2463 744 2549 praefectum
767 2469 989 2549 evocatorum,
1017 2464 1092 2529 misi
1120 2464 1159 2528 ad
1188 2467 1233 2548 te,
1262 2463 1327 2547 oui,
1355 2463 1384 2527 si

64 2588 92 2626 ¹⁰
106 2568 168 2633 tibi
187 2569 360 2648 videretur,
378 2569 523 2634 cohortis
543 2571 695 2656 traderes,
714 2576 760 2656 ut,
780 2572 857 2637 dum
875 2575 1004 2656 tempus
1024 2569 1099 2635 anni
1118 2574 1205 2635 esset
1223 2569 1383 2654 idoneum,

104 2675 228 2759 aliquid
251 2675 376 2761 negotii
400 2697 511 2761 gerere
533 2699 676 2762 possem3
699 2678 733 2741 in
758 2699 830 2763 quo,
855 2681 911 2741 tuo
936 2676 1072 2742 oonsilio
1093 2680 1130 2741 ut
1148 2698 1199 2740 me
1220 2697 1383 2760 sperarem

104 2778 174 2847 'esse
199 2804 348 2864 usurum,
378 2786 412 2847 et
435 2783 579 2848 amicitia
601 2788 715 2849 nostra
738 2789 771 2849 et
794 2785 923 2848 litterae
952 2788 1027 2848 tuae
1050 2783 1206 2867 fecerant,
1235 2783 1320 2867 quod
1343 2805 1383 2847 ne

103 2911 190 2954 nunc
214 2889 344 2973 quidem
371 2889 519 2973 despero,
549 2891 604 2955 sed
632 2892 741 2976 plane,
769 2892 896 2976 quando
926 2893 983 2954 aut
1010 2889 1067 2954 ubi
1095 2894 1128 2954 te
1157 2889 1284 2955 visurus
1313 2889 1384 2974 sim,

104 2995 169 3059 nisi
193 2994 235 3059 ad
259 3017 309 3059 me
329 2995 506 3082 scripseris,
529 3020 569 3062 ne
589 2998 747 3082 suspicari
767 2998 896 3083 quidem
920 3018 1063 3082 possum.
1101 3018 1171 3082 ego,
1195 3001 1232 3062 ut
1251 3019 1301 3061 me
1321 2997 1382 3060 tibi
1402 3015 1417 3062 a

70 3115 90 3155 ὅ
104 3101 340 3166 amicissimum
364 3124 434 3167 esse
458 3108 492 3168 et
515 3104 608 3189 aequi
633 3109 666 3169 et
689 3104 793 3189 iniqui
817 3104 1024 3189 intellegant,
1047 3104 1182 3167 curabo:
1206 3103 1244 3167 de
1269 3107 1326 3167 tuo
1350 3103 1384 3167 in

104 3230 155 3272 me
184 3207 294 3272 animo
323 3208 443 3293 iniquis
472 3232 563 3275 secus
592 3211 798 3276 existimandi
827 3211 946 3275 videris
977 3210 1125 3275 nonnihil
1153 3210 1217 3275 loci
1245 3210 1384 3295 dedisse3

103 3314 136 3379 id
165 3314 193 3379 si
223 3315 414 3402 correxeris,
441 3317 521 3381 mihi
550 3318 641 3382 valde
670 3323 801 3403 gratum
826 3316 896 3381 erit.
938 3322 984 3401 et,
1012 3322 1048 3381 ut
1076 3316 1195 3381 habere
1224 3317 1384 3381 rationem

101 3420 228 3505 possis,
256 3444 320 3505 quo
349 3423 421 3488 loco
446 3446 497 3487 me
522 3424 611 3489 salva
634 3425 705 3511 lege
730 3423 880 3490 Cornelia
904 3423 1090 3507 convenias,
1113 3444 1174 3508 ego
1198 3423 1232 3486 in
1255 3424 1383 3506 provin—

101 3526 189 3592 ciam
210 3528 283 3592 veni
302 3528 405 3611 pridie
426 3529 465 3593 K.
481 3529 630 3616 Sextiles
652 3531 715 3596 iter
734 3533 768 3596 in
788 3530 937 3597 Ciliciam
955 3530 1040 3595 facio
1060 3552 1117 3613 per
1134 3527 1383 3613 Cappadociam,

16 3637 74 3683 ³⁰
107 3637 218 3699 castra
241 3635 327 3699 movi
352 3637 393 3700 ab
412 3636 524 3702 leonio
547 3637 650 3722 pridie
671 3637 709 3701 K.
730 3637 946 3723 Septembres.
983 3659 1068 3701 nunc
1092 3641 1128 3700 tu
1152 3640 1185 3700 et
1208 3659 1247 3700 ex
1270 3637 1383 3700 diebus

97 3745 202 3805 etex
225 3741 351 3806 ratione
374 3741 511 3828 itineris,
535 3744 562 3808 si
586 3745 717 3829 putabis
742 3767 792 3809 me
816 3767 885 3809 esse
910 3743 1173 3828 conveniendum,
1196 3743 1384 3826 constitues,

97 3869 170 3930 quo
193 3846 267 3912 loeo
290 3848 323 3911 id
347 3850 606 3915 commodissime
631 3852 700 3915 fieri
724 3852 829 3935 possit
853 3856 886 3915 et
910 3874 973 3935 quo
998 3850 1057 3915 die.

111 3983 278 3990 ,ῃ-

196 4046 219 4095 1.
240 4040 294 4095 etsi
312 4044 341 4095 tc
360 4043 402 4109 Μ,
422 4042 475 4096 etsi
491 4044 546 4098 GR
559 4046 568 4112 11
583 4050 606 4097 3.
627 4047 671 4098 est
690 4045 753 4111 GR,
773 4046 816 4097 cst
835 4043 909 4099 enim
923 4045 960 4098 M
969 4047 979 4113 11
993 4050 1016 4097 4.
1037 4043 1184 4097 materiam
1202 4044 1256 4098 GR
1270 4046 1279 4111 11
1292 4042 1385 4123 ignari

94 4129 138 4165 ex
157 4111 284 4179 ignariae
304 4114 340 4166 M
344 4112 349 4146 ¹
373 4116 382 4181 11
407 4119 428 4167 7.
449 4113 502 4181 eis]
523 4114 566 4168 his
585 4118 620 4181 a,
639 4115 674 4168 iis
694 4118 779 4182 ς118.
801 4115 922 4169 solerent
941 4117 1016 4183 MR,
1036 4116 1171 4168 deberent
1190 4116 1214 4168 G
1234 4116 1243 4181 11
1262 4114 1316 4167 sib1
1335 4113 1385 4180 R¹,

95 4181 158 4236 tibi
177 4183 240 4237 MG
258 4190 283 4237 ct
301 4183 341 4237 ΕΙ
360 4201 429 4238 corr.
453 4188 462 4253 11
486 4192 525 4239 11.
547 4186 690 4240 uideretur
710 4188 777 4252 GR,
804 4186 915 4240 uidetur
934 4188 971 4240 M
986 4190 995 4254 11
1013 4203 1158 4239 mensuum
1176 4186 1222 4251 M,
1248 4185 1385 4238 mensium

98 4254 169 4321 GR,
189 4270 317 4307 mensum
336 4257 442 4310 Baiter.
471 4258 505 4324 cs.
526 4259 643 4328 Georges
662 4259 740 4312 ‘Lea¹
760 4259 785 4310 d.
807 4260 853 4311 lut.
870 4259 980 4321 Wortll’
1001 4276 1022 4312 s.
1037 4277 1060 4313 o.
1079 4261 1088 4325 11
1109 4263 1149 4309 14.
1170 4256 1254 4309 cortis
1276 4258 1320 4322 M,
1341 4274 1384 4309 oo-

95 4321 199 4378 hortas
221 4325 276 4379 GR
289 4329 299 4394 11
315 4332 354 4380 15.
374 4327 433 4380 fero
453 4329 494 4394 M,
514 4329 622 4398 perfero
643 4330 697 4384 GR
711 4332 720 4396 11
736 4334 774 4381 17,
796 4346 840 4381 me
861 4330 923 4396 GR,
946 4330 980 4381 de
1000 4347 1043 4382 nre
1063 4330 1173 4396 1111118.
1195 4327 1320 4380 uisurum
1335 4330 1369 4381 M

94 4412 194 4449 essem
215 4397 260 4462 M,
285 4396 337 4449 sim
358 4399 412 4452 GR
431 4402 440 4466 11
458 4398 554 4466 itaque
575 4400 664 4453 virum
688 4419 737 4454 ora.
759 4401 813 4454 GR
836 4403 844 4467 11
869 4406 908 4452 19.
930 4401 955 4453 d.
977 4400 1122 4453 antonium
1143 4400 1181 4466 R,
1206 4398 1285 4451 dedit
1304 4401 1386 4468 (prrod

97 4484 165 4536 esp.
190 4467 251 4532 Me)
278 4468 423 4521 antonium
443 4471 488 4536 M,
517 4471 661 4525 antonium
682 4473 706 4526 G
731 4475 739 4535 Ι1
763 4472 849 4538 praef.
875 4473 929 4541 ev]
954 4473 988 4538 cf.
1008 4473 1159 4525 Momrrasca
1181 4471 1239 4538 epb.
1262 4470 1385 4539 epipr.V

97 4542 239 4606 1114211.
253 4541 263 4604 11
277 4539 301 4592 si
311 4558 344 4593 ex
354 4539 392 4592 sit
402 4542 438 4593 Μ
439 4549 451 4575 ⁰
465 4544 473 4608 11
488 4547 529 4594 20.
537 4542 680 4596 uideretur
691 4543 745 4596 GR
755 4543 801 4610 (M
805 4546 834 4611 Γ1,
845 4542 957 4596 uidetur
968 4544 1004 4595 M
1014 4546 1023 4609 11
1037 4548 1078 4594 al.
1086 4548 1127 4594 25.
1139 4540 1192 4593 tibi
1207 4539 1264 4593 iarn
1275 4558 1327 4594 anr.
1340 4543 1365 4595 G
1377 4548 1380 4612 1

98 4612 146 4661 ⁶25.
164 4607 198 4661 de
225 4608 300 4681 (tu)
316 4611 350 4663 de
370 4611 525 4682 ll'cseaberp
538 4616 548 4681 11
562 4619 652 4666 abab
669 4613 761 4666 animo
776 4613 805 4666 in
820 4631 863 4667 me
876 4616 900 4668 G
915 4617 924 4681 11
939 4619 979 4665 ⁶36.
989 4612 1179 4678 existimandi,
1194 4611 1222 4665 di
1240 4615 1270 4666 in
1283 4616 1337 4680 siae
1351 4631 1385 4667 as.

103 4680 169 4734 odd.
198 4749 204 4761 ι
222 4682 319 4760 101128.
340 4698 395 4750 quo
415 4681 444 4735 in
463 4682 480 4735 l.
503 4685 606 4752 61128.
623 4691 664 4737 29,
679 4684 866 4753 prinninciam
887 4686 927 4752 M,
947 4683 1092 4754 prouincia
1108 4685 1163 4739 GR
1177 4688 1185 4751 11
1200 4690 1241 4737 29.
1262 4683 1385 4738 ciciliam

105 4751 152 4817 M,
180 4750 274 4805 0111010
298 4754 326 4809 R
348 4756 358 4823 11
380 4759 422 4807 30.
447 4758 541 4808 crasta
563 4757 600 4808 M
620 4759 629 4823 11
651 4755 737 4828 movi]
762 4757 879 4810 movebo
900 4757 937 4811 H.
955 4757 1010 4812 Tea
1027 4757 1091 4811 Cute
1106 4755 1247 4812 Fenncma
1272 4756 1383 4826 ‘pascet

109 4821 213 4876 Para!
235 4824 310 4891 (dics.
330 4826 422 4897 Lopd.
438 4827 472 4880 B.
490 4830 568 4896 18112)
584 4846 612 4896 p.
629 4834 688 4895 111,
704 4846 849 4898 purpuram
1322 4848 1328 4856 ’
