3314 5460
201 385 243 450 36
657 387 695 441 Μ.
714 386 819 440 TVLLI
838 386 1027 442 CICERONIS

201 549 385 634 praesentia
402 550 460 614 abs
479 553 521 633 te,
548 550 613 634 sed,
632 554 669 614 ut
687 550 728 615 ab
747 550 879 614 homine
898 550 995 635 longe
1015 550 1049 614 in
1067 553 1236 634 posterum
1254 549 1486 634 prospiciente,

200 655 312 718 futura
331 660 476 739 expects,
501 661 548 739 ut,
567 679 606 721 ex
625 657 691 721 tuis
710 657 831 722 lItteris
851 679 924 721 cum
943 655 1082 721 formam
1101 657 1148 720 rei
1167 656 1317 741 publicae
1337 656 1485 738 viderim,

166 760 297 844 equale
329 761 512 826 aedificium
543 761 690 828 futurum
723 764 780 845 sit,
813 763 895 828 scire
929 763 1060 847 possim.
1104 784 1208 847 neque
1235 767 1347 827 tamen
1380 762 1485 827 adhuc

200 866 320 951 habeo,
348 868 433 953 quod
457 873 489 933 te
513 891 674 953 accusem3
702 891 805 953 neque
829 869 916 933 enim
938 868 1017 951 fuit,
1045 869 1132 952 quod
1154 873 1191 933 tu
1215 869 1288 952 plus
1312 870 1485 954 providere

199 997 313 1058 posses
342 996 440 1058 quam
468 976 574 1059 quivis
603 981 752 1040 nostrum
776 975 1011 1060 inprimisque
1040 996 1116 1060 ego,
1144 976 1200 1059 qui
1227 998 1302 1040 cum
1325 974 1521 1060 Pompeios

200 1082 383 1165 complures
411 1083 479 1147 dies
510 1082 608 1147 nullis
636 1083 669 1146 in
698 1083 771 1146 aliis
800 1082 864 1146 nisi
895 1083 933 1146 dc
964 1081 1154 1166 republica
1183 1083 1390 1147 sermonibus
1419 1105 1485 1147 ver·

200 1193 291 1253 satus
319 1211 407 1253 sum:
440 1211 522 1274 quac
550 1211 610 1253 nee
638 1193 776 1272 possunt
806 1189 905 1254 scribi
938 1211 997 1254 nec
1030 1188 1201 1253 scribenda
1233 1192 1323 1270 sunt,
1356 1193 1485 1253 tantum

200 1295 336 1380 habeto,
366 1296 469 1361 civem
493 1296 662 1382 egregium
691 1319 761 1360 esse
786 1295 977 1380 Pompeium
1001 1296 1098 1359 etad
1122 1295 1244 1378 omnia,
1272 1318 1355 1379 quae
1380 1296 1486 1380 provi·

201 1403 306 1467 denda
329 1407 406 1468 sunt
430 1404 464 1467 in
487 1424 521 1466 re
545 1402 691 1487 publica,
714 1407 747 1467 et
770 1403 880 1467 animo
904 1408 937 1466 et
961 1402 1097 1468 oonsilio
1121 1406 1282 1487 paratum.
1320 1424 1423 1486 quare
1446 1403 1487 1467 da

201 1513 234 1574 tc
257 1509 398 1574 homini:
422 1509 666 1593 complectetur,
689 1509 770 1573 mihi
789 1510 896 1594 crede3
919 1510 984 1574 iam
1008 1509 1093 1573 idem
1117 1509 1167 1573 illi
1191 1515 1224 1574 et
1247 1509 1326 1573 boni
1349 1515 1385 1573 et
1409 1510 1486 1574 mali
1500 1532 1522 1571 u

166 1616 287 1680 ucives
315 1617 480 1700 videntur,
513 1616 568 1701 qui
595 1615 691 1680 nobis
720 1616 822 1680 videri
852 1616 968 1681 solent.
1008 1636 1069 1700 ego
1098 1638 1171 1680 cum
1199 1615 1340 1680 Athenis
1375 1617 1486 1682 decem

201 1723 290 1807 ipsos
313 1723 382 1787 dies
404 1722 540 1788 fuissem
563 1723 768 1806 multumque
791 1745 917 1788 mecum
943 1722 1057 1786 Gallus
1080 1726 1194 1787 noster
1218 1721 1391 1801 Caninius,
1415 1745 1487 1808 pro·

201 1829 370 1894 ficiscebar
392 1829 466 1894 inde
489 1829 593 1914 pridie
617 1827 729 1894 Nonas
753 1826 947 1912 Quinctiles,
978 1851 1052 1894 cum
1079 1828 1142 1895 hoc
1170 1829 1210 1893 ad
1239 1834 1271 1893 te
1299 1830 1486 1895 litterarum

202 1936 282 2000 dedi.
321 1935 382 1999 tibi
407 1958 480 2000 cum
504 1935 614 2001 onmia
638 1957 710 2000 mea
733 1936 1054 2001 commendatissima
1076 1958 1147 2001 esse
1171 1937 1284 2021 cupio,
1306 1941 1380 2001 tum
1404 1937 1485 2002 nihil

203 2043 308 2127 magis
337 2064 435 2125 quam
462 2065 502 2106 ne
530 2046 660 2126 tempus
689 2044 785 2108 nobis
818 2043 1004 2127 provinciae
1031 2047 1240 2129 prorogetur,
1273 2044 1307 2107 in
1335 2066 1374 2108 eo
1405 2045 1483 2108 mibi
1499 2065 1522 2103 u

202 2152 280 2212 sunt
308 2149 429 2213 omnia:
461 2150 547 2233 quod
577 2150 704 2234 quando
733 2154 766 2213 et
795 2151 957 2234 quomodo
986 2154 1020 2214 et
1046 2173 1105 2234 per
1133 2171 1215 2233 quos
1244 2152 1409 2236 agendum
1432 2152 1485 2234 sit,

203 2260 240 2319 tu
263 2255 386 2340 optime
410 2257 598 2321 constitues.

758 2433 814 2498 rx.
848 2432 929 2519 (ae.)

251 2575 294 2640 Μ.
318 2573 479 2641 CICERO
510 2574 687 2641 PROOOS.
712 2576 743 2642 S.
767 2576 808 2641 D.
831 2575 874 2640 M.
899 2574 1061 2641 CAELIO
1091 2575 1245 2641 AEDILI
1274 2574 1442 2643 CVRVLI

712 2697 977 2775 DESIGNATO.
1015 2786 1020 2806 Ι
1498 2724 1522 2763 u

170 2843 183 2889 1
293 2824 439 2889 Primum
463 2825 534 2907 tibi,
558 2829 595 2889 ut
618 2824 733 2908 debeo,
757 2824 906 2909 gratulor
929 2823 1098 2907 laetorque
1122 2846 1196 2889 cum
1219 2828 1394 2911 praesenti,
1417 2831 1486 2892 tum

204 2931 303 2994 etiam
327 2936 459 3015 sperata
481 2935 539 2994 tua
562 2931 736 3016 dignitate,
760 2931 863 2994 serius
886 2954 952 2995 non
974 2930 1182 3017 neglegentia
1206 2955 1291 3016 mea,
1315 2935 1373 3000 sed
1397 2936 1487 3020 igno·

204 3038 329 3102 ratione
362 3059 470 3102 rerum
503 3037 662 3121 omnium3
694 3038 728 3101 in
760 3037 806 3102 eis
836 3038 922 3103 enim
956 3060 1028 3103 sum
1061 3038 1155 3123 locis,
1188 3061 1252 3123 quo
1286 3045 1320 3105 et
1351 3047 1488 3126 propter

204 3144 481 3228 longinquitatem
505 3147 538 3208 et
560 3148 695 3228 propter
717 3145 889 3209 latrocinia
917 3144 1102 3210 tardissime
1134 3146 1243 3210 omnia
1269 3147 1488 3230 perferuntur.

204 3255 237 3313 et
261 3272 334 3313 oum
358 3251 520 3335 gratulor,
548 3255 619 3315 tum
643 3273 733 3334 vero,
762 3251 880 3335 quibus
903 3251 1011 3316 verbis
1040 3251 1102 3315 tibi
1131 3253 1254 3337 gratias
1278 3274 1390 3339 agam,
1421 3277 1487 3319 non
1501 3276 1527 3315 11

204 3356 340 3451 reperio,
363 3358 449 3442 quod
473 3358 521 3422 ita
544 3357 651 3423 factus
675 3359 729 3441 sis,
752 3362 790 3422 ut
813 3358 938 3422 dederis
962 3357 1067 3442 nobis,
1091 3358 1361 3443 quemadmodum
1386 3361 1489 3445 scrip-

204 3486 294 3529 seras
317 3464 357 3528 ad
381 3487 447 3548 mc,
476 3488 571 3549 quem
595 3487 722 3549 semper
746 3465 849 3528 ridere
876 3483 1053 3548 possemus.
1096 3465 1219 3549 itaque,
1247 3467 1489 3550 cumprimum

204 3571 327 3655 audivi,
360 3593 421 3657 ego
450 3572 506 3636 ille
537 3573 606 3656 ipse
636 3571 742 3635 factus
771 3593 844 3635 sum
870 3607 907 3616 —
934 3571 1011 3655 scis,
1045 3594 1141 3655 quem
1171 3572 1276 3636 dicam
1304 3608 1341 3618 —
1367 3573 1489 3658 egique

170 3679 311 3742 ‘romnis
341 3678 416 3743 illos
445 3678 681 3764 adulescentes,
713 3700 794 3762 quos
823 3678 878 3742 ille
910 3677 1034 3743 actitat.
1077 3678 1209 3742 difficile
1237 3683 1287 3743 est
1315 3678 1422 3762 loqui,
1454 3683 1489 3744 te

205 3789 313 3849 autem
338 3786 561 3870 contemplans
586 3790 754 3871 apsentem
778 3789 812 3850 et
836 3785 929 3869 quasi
953 3789 1061 3850 tecum
1085 3807 1194 3849 coram
1218 3786 1380 3869 loquerer:
1502 3810 1528 3848 so

276 3984 300 4032 1.
320 3977 349 4030 in
367 3980 510 4047 posterum
528 3976 612 4047 longe
631 3980 658 4033 R
672 3981 681 4046 11
696 3984 719 4033 t.
741 3978 914 4032 sermonibus
926 4008 957 4018 -
969 3983 994 4032 9.
1013 3977 1129 4046 publica
1147 3979 1178 4030 in
1196 3995 1247 4048 cup.
1267 3977 1309 4032 R¹
1323 3980 1332 4045 11
1348 3982 1389 4032 10.
1412 3995 1489 4034 com·

203 4050 343 4117 plectetur
357 4050 398 4112 M,
418 4048 650 4118 conplectendum
666 4051 729 4116 GR,
748 4053 796 4119 qui
814 4049 883 4102 mihi
903 4049 984 4102 crede
1003 4051 1040 4104 ad
1055 4051 1186 4118 proximo
1204 4050 1324 4103 trabunt.
1348 4065 1439 4115 quare
1455 4081 1489 4092 -

205 4119 286 4174 crede
308 4121 439 4175 Orellium
461 4127 568 4174 secutas
586 4120 697 4175 Imcilio
717 4126 837 4190 1111601
860 4122 1019 4175 dictitantes
1043 4121 1191 4188 wtsuipait
1210 4121 1243 4173 L.
1260 4120 1363 4174 Mdller
1381 4123 1392 4189 11
1411 4120 1490 4176 idem

205 4209 255 4247 om.
281 4192 309 4244 R
332 4194 341 4259 11
365 4196 406 4245 12.
430 4189 546 4244 fuissem
569 4209 602 4245 eoe
625 4192 711 4245 fuisse
735 4194 785 4245 M⁰
807 4195 817 4261 11
839 4192 967 4245 caninius
990 4194 1021 4246 iu
1044 4208 1095 4261 rap.
1121 4191 1174 4257 R',
1204 4189 1314 4243 animus
1338 4193 1369 4244 iu
1393 4196 1492 4265 tcoetu'l

206 4268 246 4317 12.
264 4268 304 4317 13.
319 4261 548 4331 proficiscebatur
569 4263 646 4330 (11111
662 4270 702 4318 13.
721 4263 881 4317 litterarum
900 4281 933 4317 ex
952 4262 1077 4316 IItterum
1096 4263 1145 4315 111ΙΓ
1159 4264 1168 4329 11
1190 4267 1231 4315 14.
1252 4261 1333 4331 cupio
1352 4279 1386 4316 cc
1406 4263 1491 4333 copio

206 4333 264 4399 M¹,
287 4335 390 4388 1111111.
414 4336 423 4402 11
448 4338 488 4388 15.
508 4338 690 4402 praerogetur
714 4336 753 4402 G,
776 4337 942 4404 prorogetur
965 4352 999 4387 ec·
1022 4336 1154 4402 progetur
1172 4332 1212 4386 It¹
1236 4336 1245 4401 11
1269 4339 1310 4388 17,
1330 4335 1491 4390 constitues

205 4404 269 4456 uale
281 4406 306 4458 G
320 4408 329 4472 11
345 4410 385 4459 18.
401 4406 520 4474 epistula
533 4421 608 4458 ncnc
621 4408 652 4459 io
666 4410 692 4459 u
706 4413 781 4460 extet
795 4406 876 4459 etium
888 4404 1060 4473 1101111111)
1076 4408 1222 4475 (ereprad)
1237 4408 1246 4473 11
1263 4411 1303 4459 19.
1314 4404 1491 4460 M.-Cnelio

206 4490 253 4528 orn.
273 4476 335 4529 GIt.
354 4492 461 4544 procos.
480 4493 530 4530 em.
550 4477 590 4545 911
603 4494 639 4530 m.
659 4475 749 4530 caelio
768 4494 802 4541 m,
822 4492 916 4528 marco
935 4475 1006 4528 celio
1024 4493 1050 4544 p,
1070 4493 1105 4528 111.
1126 4474 1214 4528 coelio
1233 4494 1257 4541 1,
1276 4475 1421 4531 marcellio
1437 4478 1491 4549 111

206 4548 248 4596 12.
268 4549 310 4597 23.
330 4544 507 4614 ignorantiae
525 4565 542 4617 p
565 4549 574 4614 11
597 4554 639 4602 23.
659 4546 712 4617 eis]
736 4545 780 4599 bis
804 4549 871 4613 aa,
895 4545 930 4598 iis
950 4563 965 4604 ς
989 4550 997 4614 11
1020 4552 1062 4600 16.
1083 4545 1155 4617 sitq
1178 4550 1187 4615 11
1211 4546 1249 4599 sis
1273 4550 1302 4601 et
1325 4547 1438 4602 dederis
1456 4555 1491 4603 rl

208 4618 250 4666 27.
270 4630 352 4680 quem
370 4619 405 4684 a,
424 4619 500 4685 quod
519 4640 540 4671 ω
559 4622 568 4686 11
586 4634 696 4687 semper
714 4617 805 4671 redire
823 4633 853 4686 q,
873 4634 982 4687 semper
1001 4617 1142 4686 porridere
1160 4636 1176 4671 r
1194 4620 1202 4687 11
1223 4623 1265 4672 18.
1286 4635 1338 4688 ego
1358 4617 1409 4672 ille
1427 4619 1491 4689 ipse

206 4683 298 4736 factus
322 4685 457 4750 (facturus
478 4690 543 4756 GR)
567 4707 628 4743 sum
648 4692 686 4752 u,
715 4705 767 4757 ego
791 4687 839 4741 ille
869 4707 929 4741 sum
952 4689 1045 4742 Iactus
1070 4710 1091 4741 ω
1114 4692 1123 4756 11
1146 4694 1188 4743 29.
1214 4689 1316 4743 actitat
1341 4690 1491 4758 Victorias,

206 4753 320 4834 iactitat
338 4758 391 4807 Ωω
409 4760 418 4823 11
439 4757 565 4811 ‘difficile
585 4763 629 4813 est
647 4759 736 4827 loqui’
757 4761 877 4814 Ribbeck
901 4777 966 4815 com.
987 4761 1038 4827 fr.²
1053 4778 1083 4829 p.
1101 4765 1151 4814 118
1169 4763 1178 4828 11
1197 4766 1239 4815 30.
1259 4764 1288 4814 ct
1306 4778 1377 4828 quas
1397 4764 1437 4830 G,
1457 4765 1492 4816 ut

206 4842 323 4895 quasrp
