3314 5460
531 372 787 431 EPISTVLARVM
806 375 864 431 XV.
886 380 927 430 10.
948 380 990 431 ll.
1011 379 1052 430 12.
1073 379 1114 430 13.

736 609 809 676 nu.
833 608 914 698 (oa.)

281 751 325 820 u.
348 752 508 820 oroneo
533 750 712 818 Puooos.
739 751 769 817 s.
794 751 833 817 o.
856 753 892 819 u.
917 751 1091 818 ravato
1116 750 1205 819 oos.
1230 751 1373 818 ousia.

275 895 350 962 Etsi
374 897 456 962 mihi
477 918 656 980 numquam
678 894 742 960 fuit
766 896 912 980 dubium,
937 897 1014 981 quin
1038 901 1070 961 te
1093 896 1233 980 populus
1256 896 1294 960 a.
1318 918 1377 981 pro
1399 895 1465 959 tuis
1488 915 1499 959 1
1550 889 1554 895 ’

181 1004 323 1069 summis
357 1002 393 1069 in
424 1027 494 1069 rem
527 1027 557 1088 p.
590 1003 715 1067 meritis
749 1007 782 1067 et
814 1025 873 1088 pro
906 1003 1109 1088 amplissima
1135 1004 1277 1068 familiae
1306 1003 1465 1087 dignitate

151 1132 313 1178 ssummo
337 1111 456 1193 studio,
480 1109 606 1174 cunctis
630 1108 795 1194 suffragiis
818 1110 985 1175 consulem
1007 1109 1152 1175 facturus
1172 1114 1267 1196 esset,
1290 1109 1463 1173 tamenin·

181 1218 332 1283 credibili
356 1218 485 1284 laetitia
508 1239 581 1281 sum
604 1215 760 1300 adfectus,
784 1238 858 1281 oum
882 1216 915 1281 id
934 1216 1017 1281 mihi
1037 1217 1226 1282 nuntiatum
1244 1220 1304 1300 est,
1327 1237 1464 1298 eumque

180 1325 343 1391 honorem
366 1323 429 1390 tibi
452 1324 528 1389 deos
553 1323 719 1387 fortunare
744 1323 818 1388 volo
843 1347 862 1388 a
886 1328 981 1408 teque
1006 1345 1044 1387 ex
1067 1328 1125 1388 tu'a
1149 1324 1372 1406 maiorumque
1394 1327 1464 1387 tuo·

180 1454 258 1496 rum
276 1432 438 1517 dignitate
457 1430 688 1495 administrari.
730 1434 828 1514 atque
847 1431 974 1494 utinam
992 1452 1146 1514 praesens
1165 1430 1259 1494 illum
1278 1430 1363 1494 diem
1382 1429 1463 1493 mihi
1483 1446 1498 1492 a

181 1538 431 1623 optatissimum
462 1538 570 1602 videre
602 1537 783 1621 potuissem
815 1559 940 1621 proque
969 1537 1034 1601 tuis
1066 1537 1277 1622 amplissimis
1307 1556 1385 1621 erga
1413 1559 1464 1600 me

139 1674 167 1712 ιο
181 1646 303 1709 studiis
341 1650 439 1730 atque
476 1644 642 1708 beneficiis
679 1643 741 1707 tibi
779 1666 911 1727 operam
948 1666 1054 1708 meam
1091 1643 1300 1728 studiumque
1332 1645 1463 1707 navare!

182 1772 284 1835 quam
308 1750 389 1816 mihi
412 1750 604 1816 facultatem
629 1751 782 1834 quoniam
805 1750 859 1815 hic
882 1750 1096 1835 necopinatus
1120 1755 1154 1815 et
1178 1751 1373 1836 improvisus
1392 1772 1464 1835 pro·

181 1857 310 1923 vinciae
334 1880 427 1924 casus
451 1858 580 1943 eripuit,
602 1860 722 1942 tamen,
746 1861 782 1921 ut
805 1861 838 1922 te
862 1858 1028 1923 consulem
1052 1880 1121 1922 rem
1143 1881 1175 1942 p.
1198 1879 1257 1940 pro
1282 1864 1340 1921 tua
1361 1857 1463 1942 digni·
1492 1875 1495 1881 ·

181 1968 255 2028 tate
278 1969 446 2050 gerentem
469 1965 577 2030 videre
600 1964 738 2048 possim,
761 1986 957 2050 magnopere
982 1987 1001 2028 a
1024 1968 1057 2028 te
1080 1968 1171 2049 peto,
1194 1968 1232 2028 ut
1251 1984 1383 2047 operam
1407 1964 1462 2028 des

182 2071 319 2157 efficias,
349 2095 391 2137 ne
423 2072 500 2158 quid
528 2071 610 2135 mihi
638 2072 696 2135 fiat
723 2071 859 2136 iniuriae
887 2094 966 2137 neve
996 2071 1072 2156 quid
1101 2070 1259 2156 temporis
1288 2070 1328 2134 ad
1356 2093 1464 2135 meum

141 2207 167 2248 ia
183 2200 330 2242 annuum
356 2200 474 2243 munus
503 2177 650 2261 accedat3
677 2176 763 2261 quod
791 2177 819 2241 si
847 2176 975 2262 feceris,
1003 2199 1141 2263 magnus
1171 2179 1210 2243 ad
1239 2182 1297 2242 tua
1324 2175 1465 2262 pristina

183 2307 266 2371 erga
288 2306 340 2348 me
363 2282 472 2349 studia
495 2284 643 2350 cumulus
667 2283 806 2348 accedet.

711 2515 801 2581 xm.
833 2514 939 2605 (104.)

429 2658 472 2723 u.
496 2656 653 2725 oroneo
678 2658 766 2724 rue.
791 2658 822 2724 s,
845 2659 885 2724 o.
909 2659 944 2724 u.
966 2659 1113 2725 Puuuo
1139 2658 1227 2726 oos,

276 2800 417 2867 Maxime
437 2802 518 2866 mihi
537 2801 600 2866 fuit
619 2806 769 2887 optatum
783 2801 907 2868 Romae
927 2825 997 2868 esse
1016 2807 1124 2868 tecum
1143 2804 1264 2868 multas
1283 2804 1325 2869 ob
1343 2825 1466 2887 causas,
1487 2818 1500 2865 1

145 2938 171 2977 20
185 2909 242 2974 sed
266 2910 447 2994 praecipue,
470 2913 507 2973 ut
531 2913 564 2972 et
587 2908 621 2973 in
644 2909 783 2992 petendo
807 2914 840 2973 et
863 2910 897 2973 in
921 2910 1062 2995 gerendo
1087 2910 1258 2975 consulatu
1276 2928 1390 2975 meum
1404 2910 1465 2974 tibi

152 3006 333 3081 ''debitum
369 3016 513 3080 studium
552 3017 735 3100 perspicere
772 3037 894 3099 posses.
949 3039 986 3080 ac
1019 3017 1191 3100 petitionis
1225 3017 1355 3101 quidem
1388 3021 1463 3081 tuae

184 3123 270 3188 ratio
290 3122 370 3187 mihi
390 3145 517 3208 semper
534 3122 599 3187 fuit
618 3122 796 3206 explorata,
814 3122 870 3187 sed
889 3127 1000 3188 tamen
1018 3146 1137 3189 navare
1156 3146 1288 3209 operam
1303 3124 1466 3207 volebam,

185 3230 219 3295 in
243 3229 415 3295 consulatu
438 3252 513 3294 vero
538 3229 632 3314 cupio
657 3229 806 3313 equidem
830 3234 862 3295 te
887 3230 993 3295 minus
1016 3230 1136 3295 habere
1159 3232 1295 3317 negotii,
1319 3231 1375 3296 sed
1399 3254 1466 3295 mo·

185 3337 268 3402 leste
295 3336 365 3401 fero
393 3358 444 3401 me
470 3336 638 3401 consulem
661 3340 755 3400 tunm
779 3336 923 3402 studium
947 3336 1163 3403 adulescentis
1188 3338 1404 3423 perspexisse,
1433 3343 1466 3400 te

146 3470 171 3510 as
184 3464 304 3526 meum,
325 3464 399 3507 cum
416 3442 450 3507 id
469 3443 587 3507 aetatis
608 3443 679 3527 sim,
697 3443 880 3527 perspicere
898 3436 1088 3529 non'posse.
1126 3445 1181 3508 sed
1200 3445 1248 3508 ita
1265 3444 1336 3509 fato
1354 3444 1465 3508 nescio
1485 3462 1501 3509 a

186 3572 251 3634 quo
285 3549 463 3635 contigisse
496 3550 652 3633 arbitror,
684 3554 722 3613 ut
754 3549 816 3614 tibi
850 3550 890 3614 ad
922 3572 974 3615 me
1007 3551 1187 3616 ornandum
1216 3572 1343 3634 semper
1371 3550 1467 3615 detur

185 3657 334 3742 facultas,
358 3655 440 3720 mihi
463 3657 504 3721 ad
527 3656 798 3722 remunerandum
820 3656 905 3721 nihil
928 3662 1081 3742 suppetat
1099 3663 1229 3742 praeter
1248 3658 1465 3722 voluntatem:

185 3764 311 3828 ornasti
340 3763 559 3848 consulatum,
588 3763 712 3828 ornasti
740 3763 880 3828 reditum
908 3786 1031 3848 meum3
1059 3765 1173 3829 incidit
1201 3787 1309 3829 meum
1336 3768 1465 3848 tempus

184 3893 294 3935 rerum
317 3871 532 3957 gerendarum
556 3871 590 3935 in
613 3871 721 3954 ipsum
744 3871 949 3935 consulatum
969 3875 1071 3936 tuum.
1112 3871 1232 3956 itaque,
1256 3894 1330 3936 oum
1354 3875 1388 3935 et
1407 3876 1465 3935 tua

142 4005 169 4046 so
185 3999 315 4042 summa
348 3977 528 4062 amplitudo
562 3982 595 4042 et
627 3977 771 4062 dignitas
806 3982 839 4042 et
867 4000 957 4042 meus
986 4000 1124 4064 magnus
1151 3978 1256 4042 honos
1285 3999 1466 4064 magnaque

274 4212 298 4259 2.
318 4205 465 4261 Paucos
490 4207 662 4277 Weacozberp,
684 4204 751 4274 imp.
774 4205 834 4259 ²I¹F
854 4208 912 4260 ind.
937 4207 1005 4261 ΜΗ
1029 4212 1038 4277 1
1065 4207 1161 4277 paullo
1180 4208 1216 4261 M
1232 4209 1290 4262 iud.
1311 4207 1356 4275 M,
1381 4207 1466 4276 paulo

183 4275 277 4331 FHI)
296 4279 353 4332 iud.
373 4277 408 4331 H
424 4281 433 4345 1
452 4283 476 4332 7.
495 4294 513 4331 a
531 4280 615 4346 toque
634 4277 707 4346 Ml),
726 4280 811 4345 atque
832 4278 894 4332 ΡΗ
904 4282 913 4348 1
932 4286 973 4332 11.
993 4283 1021 4333 et
1040 4281 1081 4348 M,
1101 4281 1145 4333 est
1164 4278 1254 4332 FHD
1272 4284 1282 4347 1
1302 4283 1342 4333 13.
1362 4294 1466 4348 magno

183 4364 268 4418 opere
285 4352 381 4418 ς113,
402 4355 443 4403 14.
463 4349 513 4403 des
527 4349 634 4403 efficias
650 4350 691 4415 M,
710 4348 760 4401 des
779 4348 941 4417 efficiasque
957 4350 1052 4418 FHD,
1072 4359 1103 4405 ut
1121 4351 1207 4405 soleat
1226 4353 1257 4403 in
1275 4352 1313 4405 eie
1331 4353 1466 4420 ospudeto

182 4421 360 4479 oblitterari!
376 4426 416 4477 14.
436 4420 535 4488 nequit
552 4420 621 4474 mihi
641 4421 678 4472 M
693 4427 702 4485 1
722 4424 763 4474 16.
784 4437 907 4473 annuum
925 4423 1037 4493 munus]
1057 4438 1162 4475 aunum
1180 4438 1281 4474 munus
1300 4421 1342 4488 M,
1362 4437 1467 4474 annum

182 4489 277 4545 minus
298 4491 389 4545 ΕΗΒ
407 4495 417 4560 1
436 4498 477 4547 16.
496 4492 620 4546 cumules
640 4492 752 4558 Μ1118.
772 4490 808 4544 Μ.
829 4509 878 4546 oni.
900 4492 962 4546 FH
977 4496 986 4559 1
1000 4492 1096 4561 paullo
1115 4494 1173 4547 iud.
1193 4493 1234 4559 M,
1254 4493 1317 4546 bene
1331 4494 1340 4560 11
1353 4508 1408 4546 cos.
1424 4492 1466 4559 M,

183 4577 240 4616 eos.
261 4559 297 4616 M.
319 4562 390 4620 ΡΗ.
409 4579 464 4617 cos.
485 4562 545 4617 desi
567 4608 572 4618 .
592 4564 622 4616 D
645 4567 655 4631 1
677 4567 720 4616 20.
740 4564 772 4613 ut
791 4564 820 4615 et
839 4563 885 4629 M,
908 4567 940 4617 ut
960 4563 1048 4617 FHI)
1070 4568 1080 4632 11
1102 4563 1224 4633 gerendo
1244 4563 1320 4628 MD,
1342 4562 1466 4632 regendo

183 4632 248 4687 ΕΗ
258 4639 268 4704 1
281 4638 324 4688 21,
344 4633 483 4706 debitum]
504 4581 630 4688 deditum
649 4633 782 4689 Streioher
801 4636 844 4703 (p.
864 4639 924 4702 204,
944 4639 980 4704 2),
999 4636 1108 4689 iniuria
1120 4638 1130 4704 1
1144 4640 1185 4689 22.
1206 4650 1311 4688 nauare
1330 4634 1375 4702 M,
1393 4641 1419 4689 et
1437 4635 1468 4689 Ι)

179 4759 230 4813 sed
244 4760 276 4811 in
288 4758 338 4812 tec
351 4761 459 4829 aliquid
472 4703 904 4829 apericuptumfilaiiidfflup.
918 4776 968 4814 ser.
983 4777 1002 4813 o
1015 4777 1049 4813 m.
1066 4764 1092 4826 l,
1110 4765 1141 4813 ut
1154 4760 1223 4826 uid,
1242 4759 1280 4826 H,
1300 4775 1405 4813 nouare
1417 4758 1448 4813 F
1458 4818 1467 4835 ,

180 4835 227 4886 21.
248 4829 286 4883 ad
306 4829 377 4903 (te)
396 4831 630 4886 remunerandum
648 4831 701 4886 alii
737 4835 780 4885 29.
799 4836 842 4886 30.
857 4832 921 4884 tuas
936 4833 1059 4884 summai
1073 4832 1144 4900 (cap.
1159 4831 1237 4902 ΜΨ)
1251 4831 1289 4886 Μ
