3286 5460
557 399 813 454 EPISTVLARVM
832 400 877 454 IV.
897 407 921 454 9.
942 405 983 454 10.
1005 407 1045 455 11,
1067 406 1107 455 12.

738 617 794 682 xl.
828 615 931 702 (230.)

556 757 823 825 MARCELLVS
848 759 1059 827 orouuonr
1085 759 1117 825 s,

287 902 467 968 Plurimum
495 903 636 967 valuisse
669 904 754 986 apud
782 926 832 968 me
860 907 951 968 tuam
984 926 1111 988 semper
1144 903 1374 971 auctoritatem
1401 922 1507 968 cumr

195 1011 230 1074 in
254 1011 342 1074 omni
365 1034 399 1076 re
423 1016 494 1075 tum
513 1011 546 1074 in
565 1010 628 1075 hoc
652 1010 791 1074 maxime
809 1011 944 1096 negotio
963 1016 1057 1095 potes
1077 1010 1276 1074 existimare:
1300 1034 1373 1076 cum
1392 1011 1473 1075 mihi

164 1114 231 1181 ⁵0.
251 1115 437 1201 Marcellus,
460 1118 563 1182 frater
586 1117 830 1181 amantissimus
854 1118 931 1201 mei,
959 1140 1025 1182 non
1048 1118 1155 1182 solum
1178 1117 1349 1182 consilium
1373 1118 1473 1200 daret,

196 1224 254 1288 sed
285 1225 436 1308 precibus
469 1245 596 1308 qnoque
630 1246 680 1287 me
714 1225 915 1307 obsecraret,
946 1247 1012 1288 non
1043 1225 1134 1308 prius
1168 1223 1248 1287 mihi
1280 1224 1473 1308 persuadere

194 1331 314 1415 potuit,
338 1354 435 1415 quam
459 1332 526 1395 tuis
550 1335 600 1396 est
623 1331 773 1396 effectum
796 1329 925 1416 litteris,
948 1336 985 1395 ut
1009 1335 1118 1395 uterer
1137 1336 1246 1396 vestro
1264 1331 1473 1414 potissimum

196 1439 344 1504 consilio.
387 1461 437 1503 res
467 1438 736 1524 quemadmodum
764 1438 808 1502 sit
836 1443 923 1521 acta,
950 1443 1077 1503 vestrae
1104 1437 1235 1502 litterae
1265 1437 1346 1502 mihi
1373 1438 1474 1502 declar

196 1551 281 1610 rant.
321 1545 500 1633 gratulatio
530 1551 587 1610 tua
615 1550 677 1610 etsi
705 1550 756 1610 est
784 1545 864 1610 mihi
892 1545 1137 1630 probatissima,
1166 1545 1251 1629 quod
1280 1544 1321 1609 ab
1350 1545 1474 1629 optimo

155 1673 182 1709 10
195 1653 234 1717 fit
258 1653 375 1737 animo,
398 1658 508 1717 tamen
530 1652 592 1718 hoc
615 1652 696 1716 mihi
718 1654 822 1717 multo
847 1653 1017 1718 iucundius
1041 1656 1092 1718 est
1115 1656 1149 1715 et
1172 1651 1308 1736 gratius,
1332 1652 1418 1737 quod
1440 1653 1475 1717 in

195 1781 325 1824 summa
351 1760 516 1843 paucitate
546 1760 737 1841 amicorum,
765 1758 1024 1844 propinquorum
1052 1781 1089 1823 ae
1116 1757 1387 1841 necessariorum,
1419 1759 1475 1842 qui

195 1888 270 1930 vere
295 1888 383 1931 meae
407 1867 506 1931 saluti
530 1866 685 1950 faverent,
709 1871 742 1931 te
766 1866 1011 1949 cupidissimum
1029 1866 1093 1930 mei
1112 1865 1375 1950 singularemque
1394 1864 1475 1930 mihi

194 1973 457 2038 benevolentiam
479 1974 683 2058 praestitisse
708 1973 855 2058 cognovi.
898 1972 1023 2057 reliqua
1052 1978 1128 2037 sunt
1156 1971 1328 2055 eiusmodi,
1357 1973 1510 2056 quibus‘r

195 2101 268 2164 ego,
291 2079 445 2165 quoniam
469 2081 548 2146 haec
572 2085 665 2145 erant
690 2085 851 2164 tempora,
874 2080 969 2144 facile
994 2084 1027 2144 et
1049 2101 1153 2164 aequo
1177 2079 1286 2143 animo
1311 2080 1473 2163 carebam;

159 2186 259 2251 uhoe
282 2209 359 2251 vero
383 2188 542 2253 eiusmodi
566 2210 636 2253 esse
658 2191 777 2273 statue,
799 2192 836 2251 ut
855 2187 925 2252 sine
945 2185 1060 2251 talium
1079 2187 1224 2251 virorum
1242 2191 1276 2250 et
1295 2187 1474 2251 amicorum

195 2293 422 2358 benevolentia
449 2317 553 2378 neque
576 2295 611 2359 in
634 2294 769 2358 adversa
791 2317 896 2377 neque
920 2295 954 2358 in
978 2293 1118 2359 secunda
1144 2293 1278 2357 fortuna
1301 2294 1475 2377 quisquam

196 2400 303 2466 vivere
323 2402 440 2484 possit:
464 2401 573 2486 itaque
592 2402 626 2466 iu
645 2401 708 2466 hoe
728 2422 789 2487 ego
809 2400 889 2464 mihi
908 2402 1070 2486 gratulor,
1093 2405 1131 2464 tu
1150 2422 1226 2465 vero
1244 2404 1282 2463 ut
1300 2400 1474 2485 intellegas

195 2507 322 2572 homini
346 2507 543 2572 amicissimo
568 2512 600 2573 te
625 2508 779 2572 tribuisse
804 2508 956 2591 officium,
979 2530 1013 2572 re
1038 2508 1098 2572 tibi
1121 2509 1304 2592 praestabo.
1341 2508 1421 2571 vale.

729 2704 802 2768 ΧΗ.
838 2702 941 2791 (roe.)

143 2867 184 2904 ,ω
270 2845 460 2913 suavius
485 2845 696 2913 oronnoru
718 2844 958 2931 †slnvrnu
983 2845 1203 2912 euvarevs
1228 2845 1397 2911 vuemo.

286 2990 360 3055 Etsi
394 2991 462 3056 scio
493 3014 559 3056 non
591 2989 860 3055 iucundissimum
892 3013 943 3056 me
975 2989 1126 3054 nuntium
1158 2989 1251 3053 vobis
1290 2989 1507 3074 allaturum,1

197 3101 320 3181 tamen,
352 3097 507 3182 quoniam
539 3120 631 3161 casus
660 3101 693 3160 et
721 3102 840 3161 natura
867 3097 902 3161 in
929 3097 1025 3161 nobis
1053 3096 1252 3180 dominatur,
1284 3095 1390 3161 visum
1423 3101 1474 3161 est

198 3203 389 3288 faciendum,
407 3227 537 3289 quoquo
557 3204 653 3269 modo
673 3226 724 3268 res
744 3227 778 3269 se
797 3203 943 3286 haberet,
961 3225 1019 3268 vos
1039 3204 1193 3269 certiores
1212 3203 1327 3268 facere.
1364 3227 1392 3268 a.
1409 3204 1438 3267 d.
1453 3226 1473 3267 r

199 3308 235 3373 K.
254 3309 339 3393 Iun,
367 3332 440 3375 cum
465 3311 506 3374 ab
529 3310 696 3395 Epidauro
719 3309 870 3376 Piraeum
898 3310 973 3375 navi
997 3311 1150 3376 advectus
1174 3332 1292 3392 essem,
1319 3309 1366 3374 ibi
1390 3309 1473 3374 Mar·

138 3416 324 3501 tirellum,
347 3416 516 3502 conlegam
534 3422 694 3499 nostrum,
718 3418 853 3483 conveni
876 3440 1014 3501 eumque
1038 3417 1123 3481 diem
1146 3416 1192 3481 ibi
1217 3416 1413 3501 consumpsi,
1436 3421 1474 3482 ut

200 3545 269 3587 cum
299 3545 338 3588 eo
367 3545 480 3588 essem.
526 3525 686 3609 †postero
715 3525 766 3588 die
795 3525 836 3588 ab
864 3547 902 3589 eo
930 3524 1095 3608 digressus
1128 3544 1233 3587 essem
1260 3546 1299 3587 eo
1328 3523 1474 3606 consilio,

285 3723 361 3785 2sq.
385 3719 418 3772 de
440 3719 569 3773 Marcelli
591 3720 702 3773 diceus·
723 3736 817 3788 periere
839 3736 862 3773 o.
883 3718 960 3772 Ι.Η.
977 3717 1100 3772 Schmalr
1119 3717 1149 3770 Ζ.
1165 3717 1184 3779 ι’.
1200 3717 1226 3771 d.
1247 3716 1346 3785 Gymn.
1362 3716 1471 3770 XXXV.

199 3794 272 3842 1881.
291 3795 434 3858 p.1288q.
458 3793 467 3857 ΙΙ
490 3789 610 3843 salutem
634 3789 704 3843 dicit
728 3791 752 3842 G
775 3792 785 3859 11
807 3796 831 3843 3.
855 3788 1005 3858 plurimum
1032 3788 1085 3841 GR
1109 3789 1155 3855 (M
1162 3790 1195 3857 ¹),
1218 3787 1368 3857 plurimam
1388 3790 1427 3842 Μ.
1449 3808 1472 3842 o.

197 3876 280 3929 uepra
302 3861 384 3914 indere
401 3863 410 3929 ΙΙ
428 3867 453 3914 4.
473 3878 502 3914 re
521 3861 557 3913 M
572 3869 597 3915 et
616 3861 670 3929 Μ’,
688 3863 730 3928 te,
749 3869 779 3916 ut
799 3862 863 3926 eid,
881 3860 933 3927 ΕΙ,
951 3877 1001 3914 om.
1023 3861 1049 3913 (ι’
1062 3862 1071 3928 ΙΙ
1085 3860 1146 3912 tum
1167 3858 1220 3913 GR
1238 3860 1317 3929 (Mft,
1337 3862 1403 3912 tnnc
1423 3859 1459 3911 M
1464 3860 1474 3929 Η

199 3935 219 3984 5.
239 3930 282 4001 0.]
303 3930 400 3983 consul
418 3934 444 3984 Ω
458 3935 467 4000 ΙΙ
482 3940 505 3986 6.
525 3948 581 3985 uon
599 3931 677 4002 prius
696 3931 767 3985 mihi
789 3936 818 3986 iu
836 3949 890 3985 ros.
911 3932 960 3984 Mc
979 3934 1097 4001 (r'utepro
1116 3938 1206 3984 tornea
1224 3934 1255 3984 iri
1273 3932 1311 3999 P)
1325 3934 1334 3999 ΙΙ
1350 3935 1372 3984 7.
1393 3929 1474 3984 effec-

198 4002 255 4054 tum
282 4004 409 4056 iteratum
434 4006 463 4056 in
487 4004 523 4055 Μ
542 4006 551 4071 ΙΙ
575 4011 597 4057 8.
623 4004 859 4071 quemadmodum
874 4034 907 4041 -
923 4011 947 4056 b.
971 4001 1125 4071 gratulatio
1149 4019 1199 4056 orn.
1226 4002 1279 4056 GR
1301 4006 1311 4071 ΙΙ
1334 4007 1357 4054 9.
1383 4001 1419 4054 ab
1443 4003 1474 4056 in

199 4091 247 4127 roe.
270 4073 307 4125 Μ
311 4072 317 4105 ¹
337 4091 370 4126 rr
390 4073 442 4140 ati,
461 4083 493 4127 at
511 4077 576 4141 vict,
595 4076 631 4128 ad
653 4076 686 4142 G,
705 4094 754 4128 oio.
775 4076 803 4131 R
816 4077 826 4143 ΙΙ
848 4080 888 4127 12.
909 4073 963 4127 mei
983 4073 1066 4145 <osse
1108 4075 1266 4196 li'csrnberp
1280 4075 1289 4141 ll
1303 4071 1474 4142 singularem

198 4161 278 4211 quem
297 4142 368 4196 mihi
387 4146 414 4198 R
428 4148 437 4213 ΙΙ
452 4151 492 4199 15.
512 4145 641 4200 uiuorum
661 4149 690 4199 et
708 4148 735 4199 R
750 4149 759 4215 li
774 4151 814 4200 17.
836 4146 931 4198 uiuere
952 4146 1005 4199 Gli
1024 4146 1056 4213 (n
1074 4149 1109 4211 r),
1128 4144 1224 4197 uidere
1263 4146 1299 4213 ΙΙΙ
1313 4149 1344 4197 ut
1363 4163 1412 4199 oni.
1428 4144 1467 4198 R*

200 4222 236 4269 18.
257 4215 366 4270 homini
385 4218 515 4270 adrasum
534 4221 563 4271 iu
584 4219 620 4272 M
634 4221 643 4286 u
662 4225 703 4271 20.
725 4219 926 4286 inscriptionem
946 4234 995 4270 orii.
1018 4218 1072 4272 GR
1091 4220 1100 4284 ΙΙ
1119 4215 1169 4269 sal.
1189 4215 1259 4284 plur.
1280 4218 1385 4282 Baiter,
1405 4234 1426 4268 a.
1445 4215 1472 4269 d.

198 4303 215 4340 s.
231 4305 256 4340 v.
272 4287 299 4342 b.
316 4304 339 4341 e.
356 4298 382 4341 V.
404 4288 489 4341 Orelli
502 4291 511 4356 ΙΙ
525 4295 557 4341 21
569 4307 609 4356 sq.
629 4293 664 4355 cs.
684 4290 807 4344 Scbnrolr
826 4290 842 4340 l.
863 4290 889 4342 d.
905 4307 935 4356 p.
951 4294 1031 4358 itaq.
1047 4290 1055 4355 ΙΙ
1070 4295 1112 4341 22.
1132 4285 1213 4341 nobis
1233 4287 1275 4353 M,
1294 4285 1374 4340 bonis
1394 4287 1473 4355 Mor:

198 4356 377 4412 dominantur
400 4361 452 4413 olii
479 4361 488 4426 ΙΙ
515 4366 557 4413 22.
573 4366 616 4413 23.
636 4360 726 4412 risum
750 4363 793 4413 est
815 4359 1112 4413 faciendum—facere
1135 4361 1170 4412 ob
1198 4359 1262 4411 ulii's
1286 4360 1365 4411 aliter
1391 4365 1472 4425 ternp-

197 4434 252 4482 toio
273 4432 333 4484 iure
352 4437 497 4485 wnuerunt
515 4432 637 4485 Sclimale
656 4436 697 4501 (p.
716 4435 825 4501 12389.)
843 4439 867 4485 et
887 4432 939 4484 Pb.
957 4431 1120 4484 Theonoen
1139 4429 1264 4495 (nerem-o
1283 4430 1303 4495 s.
1324 4430 1372 4482 lot.
1389 4429 1472 4482 Lexi-

197 4501 276 4569 eopr.’
294 4501 332 4554 ΙΙΙ
349 4519 378 4569 p.
396 4504 458 4570 181)
472 4505 481 4570 ΙΙ
500 4509 541 4556 ⁶23.
562 4519 673 4571 quoquo
692 4503 775 4557 modo
795 4504 843 4569 M,
863 4518 917 4570 quo
937 4502 1077 4569 quomodo
1098 4503 1137 4567 G,
1155 4516 1210 4568 quo
1230 4499 1313 4552 modo
1332 4499 1360 4553 R
1382 4503 1391 4566 ΙΙ
1414 4515 1472 4552 eer-

197 4569 274 4624 tioris
294 4573 332 4626 Μ
350 4576 359 4640 ΙΙ
382 4579 424 4627 24,
445 4573 572 4642 epitauro
594 4575 647 4627 (tlt
666 4580 675 4636 ΙΙ
695 4574 802 4642 pireum
817 4575 862 4641 M,
882 4581 906 4627 et
928 4574 965 4627 θ’
984 4592 1017 4626 ea·
1036 4589 1162 4641 pereum,
1185 4587 1302 4639 pureum
1321 4571 1362 4638 R,
1381 4568 1472 4639 pirae·

196 4656 257 4694 cum
276 4659 292 4700 ς
317 4647 326 4710 n
349 4649 391 4697 24.
411 4650 453 4698 ⁴25.
475 4644 559 4716 (M.)
579 4645 745 4699 Marcellum
765 4646 863 4711 Orelli,
882 4647 945 4698 bene
967 4647 976 4723 ι]
999 4649 1040 4696 25.
1061 4641 1180 4696 conuoni
1200 4640 1296 4709 ibique
1316 4658 1378 4694 eum
1398 4640 1473 4693 diem

196 4713 355 4783 consumpsi
376 4716 401 4768 G
423 4720 432 4779 ΙΙ
456 4733 573 4784 eumque
593 4717 638 4783 M,
662 4733 781 4785 cumque
799 4718 827 4772 R
849 4719 859 4782 l
882 4720 924 4769 26.
949 4714 995 4767 dre
1016 4714 1070 4768 GR
1091 4716 1123 4766 Μ
1130 4722 1141 4748 ⁰
1161 4713 1223 4782 (P),
1249 4711 1324 4766 diem
1344 4712 1403 4781 Ml,
1427 4712 1473 4766 die

196 4799 254 4837 cum
275 4789 447 4912 §Mlloessem
467 4788 512 4850 Μ,
523 4805 598 4912 lium
623 4805 713 4842 essem
739 4790 805 4857 GR,
828 4805 891 4842 sum
914 4786 1048 4842 Streiciaer
1070 4788 1111 4855 (p.
1128 4787 1204 4854 153),
1229 4786 1294 4852 sort.
1317 4791 1386 4840 recte
1407 4787 1417 4854 Ι
1440 4800 1473 4837 eo

195 4869 266 4911 eona.
343 4859 361 4923 '‚
378 4855 409 4910 in
428 4873 502 4912 cons.
