3286 5460
168 115 231 178 122
620 115 656 169 Ill.
676 113 783 167 TVLLI
802 112 992 170 CICERONIS

167 279 350 363 ignoscam,
374 283 407 343 et
431 279 571 343 alterum
594 277 721 362 timori,
743 278 883 343 alterum
907 277 988 343 mihi
1012 282 1045 343 te
1067 299 1189 364 negare
1210 300 1277 345 non
1299 278 1447 365 potuisse

168 385 367 470 arbitrabor3
390 389 441 450 est
460 384 547 449 enim
565 406 617 449 res
636 384 784 469 proiecto
804 384 959 449 maxima:
982 384 1060 470 quid
1079 388 1204 451 rectum
1222 384 1276 465 sit,
1299 388 1447 471 apparet,

167 492 246 576 quid
270 492 433 577 expediat,
462 492 637 557 obscurum
665 496 729 576 est,
752 491 800 556 ita
823 496 947 575 tamen,
975 496 1027 576 ut,
1054 491 1083 557 si
1106 514 1167 558 nos
1190 492 1220 557 ei
1244 492 1363 577 simus,
1392 491 1446 577 qui

166 620 237 665 esse
261 600 430 683 debemus,
452 598 486 662 id
510 602 575 683 est,
598 598 707 663 studio
731 598 822 684 digni
845 620 884 663 ae
906 598 1028 663 litteris
1050 599 1185 683 nostris,
1207 597 1360 665 dubitare
1382 621 1445 665 non

164 705 338 791 possimus,
362 706 441 790 quin
464 728 503 770 ea
525 705 665 770 maxime
689 706 880 791 conducant,
903 728 985 790 quae
1009 710 1086 772 sunt
1109 706 1304 773 rectissima.
1335 706 1476 791 †quaaa

166 817 212 896 tu,
235 813 262 877 si
287 813 385 878 simul
408 812 561 898 placebit,
584 812 697 877 statim
721 813 761 877 ad
785 836 836 879 me
859 814 982 899 venies3
1006 813 1058 878 sin
1082 813 1168 879 idem
1186 812 1332 899 placebit
1350 818 1443 897 atque

164 919 287 1003 eodem,
310 942 369 986 nec
388 920 543 985 continuo
563 919 695 1004 poterit,
718 919 829 985 omnia
852 919 914 984 tibi
938 924 977 984 ut
999 923 1079 985 nota
1102 919 1178 1006 siut,
1200 919 1330 985 faciam.
1361 920 1443 1005 quie

163 1026 240 1110 quid
264 1026 427 1110 statuaris,
450 1032 482 1092 te
505 1025 586 1091 mibi
610 1026 766 1112 amicum,
789 1026 841 1092 sin
862 1026 912 1108 id,
935 1027 1022 1111 quod
1046 1029 1140 1112 opto,
1162 1026 1265 1093 etiam
1287 1026 1442 1095 amicissi-

165 1156 253 1199 mum
277 1133 436 1200 iudicabo.
1618 1170 1626 1225 j

700 1295 770 1361 xx.
802 1292 909 1383 (153.)
1449 1312 1467 1355 ιο
1583 1230 1642 1275 'm

650 1455 809 1522 CICERO
834 1455 963 1521 RVFO.

130 1616 143 1661 1
253 1598 436 1684 Quo<quo>
465 1601 562 1664 modo
591 1599 787 1684 potuissem,
819 1603 852 1664 te
880 1597 1115 1684 convenissem,
1143 1600 1171 1664 si
1199 1621 1253 1685 eo,
1279 1621 1346 1683 quo
1373 1620 1442 1665 con·

165 1706 336 1790 stitueras,
359 1707 468 1771 venire
491 1707 664 1789 voluisses,
689 1728 802 1790 quare,
825 1706 889 1772 etsi
913 1706 977 1772 mei
1000 1706 1163 1772 commodi
1186 1728 1285 1771 eausa
1307 1726 1446 1771 commo
1603 1699 1637 1759 fd

163 1835 237 1877 vere
261 1836 312 1877 me
336 1808 481 1898 noluisti,
505 1818 617 1878 tamen
639 1813 688 1876 ita
709 1812 876 1877 existimes
895 1812 1004 1898 velim,
1026 1834 1078 1877 ma
1097 1812 1320 1878 antelaturum
1336 1812 1449 1897 fuisse,

164 1920 192 1984 si
216 1921 256 1984 ael
281 1943 332 1985 me
356 1920 516 2006 misisses,
542 1919 747 1985 voluntatem
776 1923 866 1984 tuam
895 1919 1067 1985 commodo
1096 1942 1179 1985 meo.
1220 1918 1263 1985 ad
1285 1940 1339 2004 ea,
1365 1940 1450 2003 quae
1480 1924 1510 1967 ¹⁵

164 2026 341 2112 scripsisti,
379 2026 580 2091 commodius
619 2025 767 2111 equidem
802 2048 933 2111 possem
967 2026 1006 2092 de
1039 2025 1178 2113 singulis
1211 2024 1252 2092 ad
1283 2030 1320 2091 ts
1351 2026 1453 2091 rebus

165 2133 315 2218 seribere,
338 2133 367 2197 si
385 2132 430 2198 M.
444 2133 580 2217 Tullius,
604 2133 712 2198 scriba
730 2154 831 2217 meus,
853 2133 994 2198 adesset:
1019 2155 1039 2196 a
1057 2153 1122 2217 quo
1140 2131 1222 2197 mihi
1241 2131 1452 2218 exploratum

164 2238 272 2305 estin
295 2240 479 2305 rationibus
501 2241 672 2304 dumtaxat
695 2238 872 2304 referendis
896 2240 992 2304 -de
1017 2239 1135 2305 ceteris
1158 2240 1257 2305 rebus
1275 2238 1452 2325 adfirmare

163 2368 230 2410 non
253 2368 387 2430 possum
411 2384 454 2392 -
476 2345 560 2410 nihil
584 2367 657 2410 eum
685 2344 801 2411 fecisse
830 2345 999 2423 scientem,
1027 2345 1114 2430 quod
1138 2349 1227 2411 esset
1250 2350 1370 2412 contra
1393 2352 1455 2413 aut

163 2476 232 2517 rom
256 2458 314 2516 aut
337 2453 614 2518 existimationem
638 2456 742 2534 tuam,
772 2451 859 2535 dein,
888 2452 916 2516 si
939 2452 1105 2517 rationum
1127 2451 1376 2519 referendarum
1399 2454 1450 2518 ius

163 2564 257 2623 vetus
281 2562 314 2622 et
338 2581 408 2623 mos
433 2559 588 2642 antiquus
615 2562 775 2640 maneret,
798 2580 850 2622 me
874 2557 1052 2623 relaturum
1075 2559 1229 2643 rationes,
1250 2559 1318 2625 nisi
1339 2564 1454 2627 tecum

163 2687 222 2748 pro
246 2665 473 2729 coniunctione
496 2668 628 2729 nostrae
652 2664 902 2729 necessitudinis
926 2665 1138 2730 contulissem
1159 2666 1451 2751 confecissemque,

130 2788 231 2836 anon
254 2770 363 2835 fuisse.
405 2771 491 2855 quod
516 2772 619 2855 igitur
643 2770 793 2835 fecissem
818 2772 858 2835 ad
881 2772 1010 2856 urbem,
1034 2773 1063 2837 si
1086 2773 1286 2839 consuetudo
1310 2772 1478 2858 pristine,

167 2882 329 2961 maneret,
363 2877 409 2962 id,
443 2878 596 2962 quoniam
626 2877 699 2962 lege
726 2877 811 2942 Iulia
840 2879 1022 2962 relinquere
1049 2879 1193 2945 rationes
1220 2878 1253 2943 in
1280 2880 1489 2965 provincia-r
1567 2892 1609 2911 ⁴·

167 3005 297 3048 neeesse
320 2989 389 3047 erat
413 2985 605 3067 easdemque
630 2984 768 3049 totidem
791 2985 900 3049 verbis
923 2985 1043 3050 referre
1067 2985 1108 3049 ad
1131 2985 1307 3071 aerarium,
1329 2986 1396 3052 feci
1419 2986 1479 3052 in-
1555 2977 1613 3025 Ἀ

163 3090 341 3176 provincia,
363 3112 467 3174 neque
491 3091 539 3156 ita
562 3090 633 3175 feci,
657 3094 694 3154 ut
717 3095 749 3155 te
773 3091 813 3154 ad
837 3114 946 3155 meum
969 3091 1143 3157 arbitrium
1167 3091 1372 3177 adducerem,
1396 3094 1469 3159 sed.
1562 3058 1617 3131 ¹

164 3197 267 3262 tribui
291 3197 353 3262 tibi
377 3201 516 3282 tantum,
540 3202 699 3281 quantum
723 3220 774 3262 me
798 3197 953 3263 tribuisse
975 3220 1154 3282 numquam
1176 3219 1228 3264 me
1251 3198 1469 3284 paenitebit:
1551 3184 1621 3237 εἴ

170 3309 278 3369 totum
300 3305 387 3370 enim
411 3305 552 3370 scribam
576 3326 698 3387 meum,
725 3327 822 3388 quem
846 3304 907 3369 tibi
931 3305 1024 3370 video
1047 3327 1134 3370 nunc
1155 3326 1227 3371 esse
1250 3310 1471 3393 suspectum,
1551 3316 1628 3360 “¹

169 3411 231 3476 sicr
254 3412 387 3492 truisi,
415 3416 450 3476 su
475 3412 505 3476 a
528 3411 572 3476 M.
591 3409 763 3494 Mindium,
790 3411 925 3476 sacrem
949 3416 1056 3496 cuum,
1083 3411 1275 3499 adimas,
1302 3414 1459 3480 nerones
1551 3392 1633 3449 *ὃ

170 3518 336 3582 confectae
356 3540 408 3582 me
431 3518 565 3583 absente
584 3522 661 3582 sunt
680 3521 798 3601 tecum,
822 3518 861 3581 ad
881 3539 961 3601 quas
981 3539 1042 3604 ego
1061 3518 1143 3583 nihil
1162 3518 1298 3585 adhibui
1315 3524 1459 3606 praeter
1553 3497 1638 3552 ’Β

170 3625 357 3708 lectionem3
387 3625 434 3690 ita
457 3624 567 3709 accepi
590 3625 710 3689 librum
735 3646 755 3688 a
778 3646 850 3689 meo
873 3646 967 3691 servo
991 3626 1112 3711 scriba,
1138 3630 1176 3691 ut
1198 3625 1462 3695 eundemaece-
1546 3628 1635 3649 ‘

1602 1527 1643 1566 m!

1565 2435 1601 2481 ιφ

259 3861 282 3907 1,
303 3853 422 3907 alterum
442 3851 607 3975 &tribucum
627 3855 647 3906 t.
667 3854 759 3921 (Koria
772 3855 877 3908 Plsilol.
892 3854 1027 3925 Anaeiyer
1040 3853 1065 3907 V
1080 3873 1110 3925 p.
1126 3857 1187 3915 ior)
1201 3856 1211 3923 It
1224 3860 1250 3910 Ξ.
1266 3854 1393 3912 arbitror
1408 3858 1471 3913 Gr
1540 3854 1546 3887 ⁸

168 3924 236 3992 quid
255 3924 375 3995 rectum]
395 3940 450 3991 quo
489 3942 509 3977 r.
529 3926 555 3977 e
573 3926 582 3992 ΙΙ
600 3930 624 3977 3.
644 3941 695 3978 nos
714 3924 753 3996 ei]
773 3924 847 3979 nosti
867 3927 912 3992 M,
935 3942 987 3979 nos
1009 3925 1076 3993 GR,
1094 3942 1146 3980 nos
1165 3918 1187 3979 ii
1205 3944 1221 3985 ς
1240 3928 1250 3996 ΙΙ
1268 3924 1358 3981 simus
1379 3929 1464 3997 MR,
1545 3940 1608 4019 ‘s
1627 3922 1641 3935 ³

169 4013 264 4049 sumus
285 3998 311 4049 (I
324 3998 333 4064 ΙΙ
348 4002 371 4048 5.
392 3993 449 4048 sint
468 3995 625 4064 tt'esczterq
639 3998 648 4063 II
662 4013 735 4064 quae
754 3999 780 4049 Ω
799 4000 864 4065 (quo
878 3997 926 4065 It),
945 4013 1032 4064 quare
1051 4013 1075 4063 ς,
1095 3998 1146 4051 del.
1166 3997 1301 4053 Strec'clser
1318 4000 1361 4069 (p.
1380 4004 1460 4067 169),
1545 4012 1567 4035 '

168 4068 231 4132 fort.
251 4074 321 4121 recte
335 4068 344 4134 ΙΙ
358 4071 382 4119 6.
402 4064 489 4135 idem—l
510 4064 621 4132 quidem
641 4068 906 4138 Marciani-Laqueus
919 4070 929 4137 ΙΙ
944 4073 966 4121 7.
987 4067 1091 4136 poteris
1110 4070 1151 4137 ςΙΙ
1170 4073 1211 4124 12.
1230 4084 1344 4151 quoquo
1364 4070 1457 4125 Imm-
1547 4068 1580 4083 ‘

168 4140 260 4205 binus,
285 4154 340 4205 quo
359 4139 392 4189 a.
421 4138 456 4202 cf.
477 4136 585 4191 Krousa
605 4138 672 4192 ‘Cio
692 4157 731 4207 cp.
751 4140 811 4193 em.’
828 4156 857 4207 p.
873 4143 907 4190 ‘28
930 4142 939 4207 ΙΙ
963 4144 1003 4193 14.
1027 4137 1144 4193 noluisti
1163 4140 1209 4207 M,
1231 4138 1350 4195 uolanti
1371 4142 1431 4198 GR
1461 4142 1467 4173 ·’
1564 4144 1568 4161 “
1627 4162 1642 4207 τ

167 4215 207 4262 1ὑ.
228 4209 252 4262 si
272 4209 309 4261 ad
328 4224 372 4260 me
391 4205 516 4260 misisses
537 4208 574 4274 G,
594 4208 617 4261 si
637 4209 849 4263 admominisses
869 4210 931 4263 MR
945 4213 954 4278 ΙΙ
970 4216 1010 4264 17,
1032 4211 1061 4280 a]
1081 4210 1115 4264 de
1135 4228 1159 4269 ς.
1187 4212 1222 4277 cf.
1242 4210 1375 4267 Rooted
1396 4212 1465 4269 oc.
1543 4188 1625 4239 ‘⁹

168 4281 205 4334 od
224 4283 282 4334 Ait.
302 4278 353 4344 XI,
372 4283 429 4346 3,3
451 4280 461 4346 ll
485 4282 525 4332 19.
550 4283 646 4334 conus
669 4282 731 4351 aut]
758 4283 793 4348 cf.
814 4281 973 4351 Nipsaerdey
997 4282 1034 4335 od
1056 4282 1127 4351 Nep.
1146 4282 1205 4337 Art.
1224 4286 1280 4349 6st
1302 4285 1314 4351 Ι
1335 4287 1382 4340 20.
1403 4288 1482 4339 aul'ae
1530 4254 1577 4307 ά

168 4369 218 4404 om.
238 4351 266 4404 R
288 4353 298 4417 11
321 4348 386 4402 deiri
406 4352 434 4413 (i.
454 4370 474 4403 e.
496 4348 621 4417 deiude),
648 4370 668 4405 n
693 4369 727 4406 ese
750 4369 781 4418 u,
812 4359 843 4405 ut
865 4352 929 4419 vid,
958 4352 992 4408 G.
1023 4353 1062 4406 rel
1089 4351 1159 4406 scito
1186 4354 1229 4407 ccl
1255 4354 1339 4408 etiam
1363 4356 1484 4425 plum
1528 4338 1633 4435 fo

164 4429 227 4489 post
247 4420 312 4474 dein
332 4422 500 4475 isrtercidisse
519 4428 602 4489 portat
622 4423 781 4493 It'esenbery
805 4421 886 4491 (seito
901 4430 965 4493 post
983 4440 1028 4476 mc
1046 4425 1135 4493 sasppl.
1155 4424 1450 4497 Mosteni-Lacaenas
1476 4420 1492 4477 ἰ
1554 4470 1557 4475 .

168 4498 210 4546 ⁴33.
234 4492 321 4561 quod]
346 4489 414 4558 quid
439 4492 512 4559 MR,
537 4492 585 4559 qui
611 4495 636 4547 G
662 4497 671 4561 ΙΙ
700 4500 741 4547 25.
766 4492 879 4547 easdem
905 4494 959 4550 GR
986 4496 997 4563 ΙΙ
1024 4493 1131 4547 deferre
1155 4494 1459 4568 Mosteni-layum,
1485 4532 1489 4537 -
1522 4516 1551 4527 ··
1612 4494 1636 4549 .’

168 4567 210 4616 31.
231 4578 310 4615 servo
331 4561 436 4632 samba]
463 4564 498 4629 et'.
517 4563 668 4619 Mosnmacn
687 4565 726 4620 ‘a
741 4564 868 4619 alluatur?
888 4565 935 4634 III,
953 4575 964 4619 1
981 4584 1011 4635 p.
1027 4572 1087 4621 428.
1117 4581 1196 4619 servo
1214 4566 1265 4623 dcl.
1286 4566 1436 4625 Wmnber
