3286 5460
686 392 900 449 PRAEFATIO.
1372 393 1435 447 XIX

247 557 312 621 iam
338 555 399 621 GR
422 557 549 622 codices
573 556 651 640 quin
675 556 812 621 eundem
835 557 952 620 ultimo
977 556 1079 642 gradu
1108 557 1282 621 habuerint
1308 560 1435 640 patrem

157 660 227 748 (X)
251 663 385 727 dubium
409 667 614 747 potestesse
638 662 760 727 nemini
788 661 845 747 qui
873 668 1050 747 apparatus
1077 664 1183 728 nostri
1211 663 1349 748 paginas
1380 663 1436 726 ali·
1448 682 1477 735 x

158 773 240 853 quot
263 770 512 852 perlustraverit
536 769 739 852 maximeque
763 768 938 833 attenderit
961 769 1002 832 ad
1024 769 1213 834 lacunarum
1239 769 1436 834 communio·

156 897 232 940 nem
252 877 294 955 (v.
315 877 414 940 etiam
434 875 599 941 Streicher
622 899 653 959 p.
676 872 820 962 llisq.):
844 880 925 959 quot
944 880 1054 940 tamen
1072 876 1227 961 gradibus
1245 875 1296 940 illi
1314 875 1437 940 distent

158 1006 178 1046 a
200 989 335 1067 parente
360 984 523 1047 communi
547 983 675 1067 qualive
699 982 784 1046 inter
807 1004 841 1046 se
865 983 931 1046 sint
955 982 1056 1047 iuncti
1080 983 1284 1068 cognationis
1305 983 1435 1047 vinculo

158 1090 285 1154 definiri
314 1091 380 1154 iam
407 1113 473 1154 non
501 1094 623 1174 potest,
656 1090 696 1152 ab
725 1112 763 1154 eo
794 1089 924 1173 quidem
956 1089 1012 1172 qui
1028 1144 1030 1148 ,
1045 1093 1255 1153 stemmatum
1287 1089 1436 1154 fallacem

159 1197 300 1280 speciem
323 1202 523 1279 aspernetur.
565 1197 592 1261 X
618 1196 731 1261 deinde
756 1197 785 1259 si
808 1197 1033 1261 contendimus
1058 1219 1132 1261 cum
1154 1194 1198 1279 M,
1224 1197 1308 1261 idem
1332 1197 1437 1261 dicen·

159 1303 252 1385 dum,
276 1302 306 1366 h.
326 1324 352 1366 e.
375 1308 468 1386 patet
491 1304 645 1388 cognatio
669 1303 753 1387 ipsa,
778 1305 860 1367 latet
882 1302 1016 1389 gradus,
1040 1304 1135 1386 idque
1159 1326 1198 1368 eo
1222 1304 1327 1389 magis
1351 1303 1437 1386 quod

159 1410 292 1473 omnino
311 1410 368 1473 ubi
384 1410 576 1494 quandoque
596 1413 705 1474 ortum
724 1411 768 1473 sit
787 1409 1030 1474 dimidiatorum
1050 1410 1198 1499 codicum
1216 1431 1318 1496 genus
1337 1409 1438 1473 nesci·

160 1537 240 1579 mus.
283 1515 399 1599 quodsi
416 1517 532 1580 missis
556 1516 707 1580 inanibus
731 1515 783 1579 his
807 1517 893 1580 curis
922 1517 1132 1581 subsistimus
1160 1517 1194 1580 in
1222 1517 1439 1600 comparanda

159 1621 230 1705 ipsa
252 1620 287 1685 M
316 1628 350 1686 et
372 1620 403 1685 X
427 1622 575 1706 codicum
603 1623 779 1706 scriptura,
810 1645 876 1687 non
903 1645 1037 1706 prorsus
1065 1623 1194 1708 quidem
1227 1623 1343 1687 inutile
1376 1623 1437 1687 hoc

158 1749 259 1814 genus
291 1750 361 1793 esse
390 1728 550 1793 videmus:
583 1735 721 1814 possunt
752 1730 828 1794 hinc
861 1730 993 1794 lacunae
1027 1730 1198 1815 quaedam,
1232 1751 1313 1814 quae
1342 1730 1375 1793 in
1404 1727 1437 1792 M

158 1835 353 1917 acciderunt,
377 1837 492 1900 sarciri
511 1835 616 1920 (velut
635 1835 691 1919 IV,
713 1839 763 1920 12,
781 1838 816 1919 23
838 1835 878 1920 V,
897 1839 926 1920 2,
947 1838 990 1922 7),
1012 1842 1150 1920 possunt
1169 1836 1350 1921 singulares
1370 1835 1438 1919 qui·

158 1940 232 2005 dam
260 1942 324 2006 loci
353 1948 440 2007 recte
469 1943 534 2005 iam
563 1944 720 2008 constitui
749 1945 791 2021 (v.
816 1944 917 2007 etiam
943 1941 1107 2008 Streicher
1130 1966 1160 2027 p.
1184 1940 1325 2028 132sq.).
1370 1943 1439 2006 uni·

158 2070 286 2113 versam
310 2053 420 2114 tamen
444 2049 615 2132 utriusque
639 2050 768 2135 generis
793 2050 974 2113 bonitatem
997 2051 1025 2113 si
1049 2056 1195 2134 spectas,
1218 2050 1317 2133 longo
1342 2049 1439 2113 inter·

159 2155 245 2219 vallo
264 2155 431 2220 distarell
451 2177 471 2217 a
484 2154 519 2219 M
534 2178 600 2220 non
618 2157 742 2240 poteris
761 2177 827 2220 non
846 2156 1046 2241 intellegere,
1065 2177 1164 2239 eaque
1184 2154 1218 2219 M
1237 2156 1439 2239 praestantia

160 2266 227 2326 tam
251 2262 426 2327 manifesta
449 2268 500 2327 eat
523 2268 560 2326 ut
588 2285 628 2328 ne
651 2263 874 2346 exemplorum
902 2263 1033 2347 quidem
1062 2263 1307 2327 confirmatione
1335 2267 1439 2346 egeat.

161 2391 241 2455 quae
266 2392 339 2433 cum
367 2368 416 2433 ita
446 2369 527 2453 sint,
558 2369 806 2434 fundamentum
835 2370 951 2434 horum
978 2369 1138 2433 librorum
1166 2369 1440 2433 emendandorum

160 2480 269 2541 manet
292 2476 425 2541 omnino
449 2477 551 2539 situm
573 2476 608 2540 iu
631 2476 673 2559 M,
696 2498 756 2541 nec
779 2476 862 2540 alius
886 2476 915 2541 X
938 2476 1067 2562 generis
1092 2497 1169 2539 usus
1193 2497 1291 2559 quam
1314 2476 1440 2559 supple

161 2585 269 2648 menti.
320 2583 458 2668 denique
492 2584 519 2648 si
554 2583 631 2667 quid
664 2583 829 2668 singulare
863 2587 953 2647 extat
985 2588 1042 2647 aut
1074 2583 1108 2646 in
1140 2581 1168 2646 G
1198 2588 1254 2645 aut
1282 2581 1317 2645 in
1344 2582 1374 2645 a
1400 2618 1437 2628 -

163 2690 422 2774 frequentissime
446 2691 532 2754 enim
556 2691 590 2754 in
614 2694 752 2774 utroque
773 2689 891 2772 codice,
914 2689 1020 2775 magis
1040 2690 1203 2753 tamenin
1224 2688 1261 2771 G,
1282 2688 1441 2753 vocabula

163 2797 290 2882 singula
317 2796 451 2882 plurave
480 2803 752 2881 transponuntur,
785 2796 1023 2877 deformantur,
1050 2795 1249 2860 omittuntur
1274 2831 1330 2880 -,
1357 2795 1388 2859 id
1413 2797 1441 2859 si

162 2925 270 2968 severe
294 2925 391 2989 agere
415 2905 575 2988 volumus,
598 2905 730 2969 omnino
750 2904 983 2968 excludendum
1002 2908 1053 2967 est
1071 2907 1185 2987 utpote
1206 2902 1385 2966 refutatum
1407 2908 1441 2966 et

164 3032 181 3072 a
198 3010 230 3073 bl
251 3014 285 3074 et
303 3012 344 3074 ab
364 3012 468 3075 altero
488 3011 606 3094 codice,
630 3011 882 3076 commemoravi
901 3016 1009 3074 tamen
1029 3011 1157 3093 saepius
1178 3032 1241 3093 quo
1262 3009 1440 3074 lectoribus

163 3116 322 3182 iudicandi
341 3119 422 3201 ipsis
440 3119 534 3182 lieret
552 3123 709 3202 potestas,
728 3120 784 3183 sed
803 3117 873 3182 sine
888 3118 1075 3182 constantia
1093 3118 1205 3201 legere
1221 3117 1296 3180 ulla.
1327 3122 1442 3181 contra

163 3343 349 3399 bibliothecae
369 3345 600 3400 Nostradamensi
624 3364 641 3400 a
661 3345 779 3401 Claudio
797 3345 875 3415 Joly,
904 3346 983 3400 cuius
1008 3364 1077 3401 arus
1096 3346 1236 3400 Antonius
1260 3345 1365 3413 Loisel,
1394 3346 1443 3398 ad·

162 3421 275 3470 vocatus
285 3417 482 3471 celeberrimus
491 3424 699 3487 <lodo-1617),
715 3435 778 3471 eum
789 3420 954 3487 possederat
963 3424 998 3486 (r.
1009 3420 1038 3474 h.
1047 3418 1152 3472 llelisle
1169 3419 1241 3471 ‘cab
1254 3419 1279 3473 d.
1291 3419 1441 3471 manuscr!

165 3487 217 3557 lp.
233 3495 343 3556 431,3‚
370 3490 403 3543 A.
419 3489 554 3541 Franlrlin
580 3489 636 3543 ‘les
660 3507 721 3543 ane.
742 3489 810 3543 bibl.
835 3489 870 3542 de
889 3489 983 3542 Paris’
1005 3490 1138 3558 rpem:
1167 3490 1191 3542 is
1215 3489 1289 3542 unde
1313 3488 1444 3542 habuerit

163 3560 289 3614 nescitur.
323 3560 352 3612 in
370 3559 574 3614 bibliothecam
592 3561 744 3614 maximam
759 3560 924 3628 Parisinam‚
944 3562 1005 3612 tum
1019 3561 1134 3631 regiam,
1154 3577 1289 3614 unacum
1303 3560 1443 3629 plerisque

164 3631 304 3684 codicibus
323 3630 609 3685 Nostradamensibus
634 3633 712 3686 venit
730 3648 754 3685 a.
772 3637 848 3685 1756.
871 3635 1046 3685 -ceterum
1070 3650 1103 3686 ex
1128 3632 1254 3686 Parisino
1279 3631 1374 3685 codice
1399 3631 1443 3684 rel

164 3703 255 3769 patim
270 3719 304 3756 ex
319 3702 378 3756 eius
393 3704 556 3772 apographo
567 3702 662 3772 aliquo
674 3703 817 3757 derivatus
828 3706 871 3756 est
881 3706 965 3757 codex
978 3704 1145 3758 Turonensis
1155 3709 1206 3757 tta
1219 3721 1291 3756 saec.
1303 3702 1444 3773 illisum,

163 3773 238 3826 cuins
256 3777 337 3826 extat
355 3774 507 3842 descriptio
525 3775 555 3826 in
574 3774 635 3828 Car.
651 3775 768 3827 'l’huroti
787 3773 884 3828 libello
905 3773 1042 3842 singubari
1062 3792 1086 3828 a.
1104 3779 1174 3828 1874
1193 3774 1309 3827 Parisiis
1334 3774 1443 3827 emisso.

163 3860 241 3911 quern
261 3845 353 3897 virum
372 3844 593 3897 eruditissimum
613 3845 730 3898 latuisse
749 3862 812 3899 cam
826 3862 911 3913 quam
926 3845 984 3896 dixi
1000 3845 1120 3899 Parisini
1136 3851 1164 3899 et
1178 3845 1348 3898 Turonensis
1368 3845 1443 3897 codi-

164 3931 221 3968 cum
251 3916 388 3969 rationem
417 3917 516 3968 mirum
543 3933 599 3969 non
626 3922 681 3971 est:
711 3916 820 3969 scilicet
848 3916 972 3969 latuerat
999 3934 1062 3969 cum
1091 3918 1151 3986 ipse
1174 3917 1326 3969 Parisinus.
1365 3917 1444 3968 cuius

163 3987 341 4040 collationem
360 4004 377 4039 a
396 4004 439 4040 me
463 3988 568 4040 factam
593 3993 785 4043 cuma.1882
811 3988 1009 4041 contenderem
1033 4005 1096 4041 cum
1121 3990 1180 4058 ipso
1205 3987 1374 4055 Turonensi,
1401 4005 1445 4040 res

164 4062 218 4110 tam
247 4058 355 4126 liquido
384 4059 517 4128 apparuit
542 4064 572 4111 ut
596 4060 694 4112 statim
718 4060 791 4111 hunc
814 4076 927 4128 prorsus
952 4059 1105 4115 abicerem:
1134 4080 1158 4113 v.
1179 4077 1251 4129 quae
1276 4059 1392 4128 exposui
1417 4059 1444 4111 in

166 4128 319 4199 ‘Melanges
334 4133 438 4182 Graux'
459 4149 486 4199 p.
503 4138 554 4183 169
565 4149 615 4199 sq,
635 4147 706 4199 quae
726 4130 749 4182 si
770 4148 839 4199 opus
859 4130 905 4197 sit,
925 4130 1007 4183 facilc
1027 4132 1132 4199 possim
1146 4149 1257 4201 augore.
1285 4163 1293 4169 -
1322 4134 1445 4183 ceterum

164 4203 228 4255 alter
242 4209 328 4255 codar
339 4203 505 4256 lareowas-is
520 4219 602 4269 quem
617 4219 651 4256 ex
661 4202 797 4255 llaenelio
813 4201 911 4254 attulit
922 4201 1009 4254 Orelli
1024 4204 1137 4271 ipisci*
1151 4223 1177 4273 p.
1189 4205 1260 4271 hilp:
1278 4203 1361 4255 ‘saec
1373 4202 1443 4255 XlV.

165 4273 275 4326 membr,
296 4272 366 4337 fol.'‚
395 4273 477 4324 hodie
502 4272 561 4325 illic
585 4291 641 4326 non
664 4277 754 4329 extat:
783 4275 858 4325 furto
884 4272 963 4324 illinc
992 4273 1105 4341 plurimi
1129 4275 1239 4326 codices
1264 4290 1281 4325 a
1304 4273 1445 4326 Gulielmo

166 4342 237 4395 Libri
256 4347 322 4413 post
339 4344 469 4397 Haenelii
492 4347 619 4414 tempora
644 4350 709 4398 smrt
732 4343 868 4398 abstracti
888 4349 923 4412 (v.
940 4345 968 4397 L.
984 4344 1090 4398 Delisle
1111 4346 1236 4398 ‘Notices
1260 4348 1289 4396 et
1307 4345 1443 4397 Extraits'

165 4414 182 4466 t.
197 4414 293 4481 ml,
312 4427 332 4470 l.
355 4420 431 4470 1884.
451 4436 477 4485 p.
495 4423 616 4486 159qu
650 4415 696 4469 vix
716 4419 811 4468 autem
831 4415 879 4468 ille
902 4416 989 4468 fuerit
1012 4433 1084 4472 saec.
1100 4417 1176 4484 xlv,
1201 4416 1249 4469 sed
1273 4416 1367 4485 potius
1387 4417 1444 4484 XV,

166 4483 216 4538 ie.
237 4486 394 4555 descriptus
414 4503 447 4539 ex
467 4488 539 4542 Med.
556 4495 597 4555 49,
615 4493 637 4541 7.
672 4491 757 4556 atque
776 4487 889 4539 omnino
909 4486 1094 4540 diffidendum
1114 4488 1216 4541 aetatis
1235 4487 1445 4541 definitionibus

165 4572 231 4623 quas
259 4558 394 4611 exhibent
421 4558 546 4628 catalogi
574 4559 754 4614 vetustiores:
783 4558 862 4610 velut
887 4574 970 4624 quem
995 4575 1066 4613 saec.
1087 4561 1138 4612 illl
1162 4559 1313 4628 adscripsit
1338 4560 1445 4612 Haenel

165 4631 276 4683 codicem
305 4632 508 4699 Bituripeasrm
532 4636 582 4682 257
612 4647 647 4698 qv.
674 4629 761 4683 Orelli
786 4629 803 4683 l.
823 4643 875 4695 c),
903 4630 927 4681 is
955 4645 1054 4697 reapse
1083 4648 1154 4686 saec.
1176 4631 1223 4683 XV
1254 4630 1375 4700 scriptus
1405 4638 1448 4683 est

166 4708 198 4765 (s.
212 4699 242 4755 E.
258 4700 409 4754 Chatelain
427 4718 511 4754 revue
531 4701 566 4754 de
585 4701 683 4770 philol,
704 4702 762 4755 Vll.
785 4706 861 4754 1883.
881 4720 907 4769 p.
924 4706 977 4768 95).
1011 4702 1085 4767 quod
1102 4702 1228 4755 taedium
1241 4703 1310 4755 mihi
1327 4703 1380 4771 ipsi
1399 4721 1447 4771 per

165 4770 263 4824 itinera
282 4789 344 4824 mea
364 4773 540 4825 subeundum
559 4775 615 4825 t'uit
633 4774 750 4842 decepto
771 4772 910 4826 eiusmodi
930 4772 1060 4841 numeris,
1080 4774 1108 4826 id
1129 4792 1192 4827 cunr
1207 4775 1358 4827 lectoribus
1373 4791 1446 4825 com—

166 4843 305 4896 municare
324 4861 388 4896 cum
407 4844 502 4912 nolim,
522 4847 591 4897 haec
610 4863 666 4897 non
685 4861 846 4913 persequor,
866 4843 996 4911 quamvis
1015 4846 1111 4914 ampla
1131 4847 1168 4899 sit
1187 4846 1326 4900 materies.

1195 4936 1231 4991 b.
