3286 5460
197 372 262 436 260
649 373 686 427 M.
706 372 813 426 TVLLI
831 370 1022 426 CICERONIS

197 535 405 600 temerarium
428 557 536 599 meum
559 534 732 599 consilium
755 534 830 598 tibi:
854 533 1085 599 nihilominus
1108 533 1155 598 ire
1179 533 1346 598 decreram
1370 533 1474 598 existi-

197 665 289 706 mans
313 664 387 706 eum
411 642 535 707 socium
563 641 686 727 gloriae
715 641 832 724 vitare3
859 641 1016 725 putabam
1044 662 1140 726 posse
1163 663 1215 705 me
1237 662 1298 706 nec
1321 641 1360 705 de
1385 640 1474 705 laude

197 749 295 812 ieiuni
333 748 475 813 hominis
513 748 656 813 delibare
693 748 867 831 quicquam
900 752 933 811 et
966 749 1099 812 subesse
1136 752 1247 813 tamen
1283 747 1476 832 propinquis

164 856 292 938 alosis,
315 859 366 938 ut,
389 854 417 920 si
441 855 552 920 durius
577 855 700 939 aliquid
725 859 825 938 esset,
848 877 1035 920 succurrere
1059 855 1208 920 celeriter
1230 876 1372 939 possem.
1419 876 1477 940 ego

198 984 262 1025 non
291 963 395 1026 malus
423 963 521 1027 homo
552 962 614 1025 hoc
643 961 846 1046 suspicabar:
877 966 912 1025 at
935 960 1136 1044 Laterensis,
1164 962 1213 1026 vir
1241 963 1513 1046 sanctissimas

197 1091 256 1133 suo
280 1069 499 1154 chirographo
523 1069 628 1132 mittit
651 1068 732 1133 mihi
755 1069 884 1133 litteras
911 1068 1082 1153 †miisque
1106 1069 1279 1153 desperans
1304 1070 1343 1135 de
1369 1092 1420 1156 se,
1442 1071 1478 1135 de

198 1176 350 1259 exercitu,
377 1177 415 1239 de
439 1174 553 1260 Lepidi
577 1176 639 1239 fide
663 1198 865 1261 querensque
890 1197 924 1239 se
947 1175 1142 1240 destitutum
1165 1175 1200 1240 in
1223 1176 1343 1260 quibus
1368 1182 1479 1261 aperte

198 1282 382 1366 denuntiat,
410 1283 550 1365 videam,
576 1305 616 1346 ne
644 1283 754 1366 fallar,
784 1305 876 1348 suam
905 1282 1001 1347 fidem
1030 1283 1172 1348 solutam
1200 1305 1284 1366 esse3
1315 1283 1361 1349 rei
1386 1307 1479 1368 pne

198 1390 309 1454 desim.
359 1391 524 1473 exemplar
555 1389 624 1453 eius
660 1390 869 1475 chirographi
902 1389 990 1454 Titio
1028 1389 1119 1453 misi:
1155 1390 1228 1474 ipsa
1260 1389 1482 1476 chirographa

199 1498 316 1580 omnia,
340 1503 374 1561 et
397 1498 516 1581 quibus
536 1496 664 1579 credidi,
687 1501 720 1561 et
744 1520 790 1582 ea,
814 1499 931 1580 quibus
955 1498 1052 1561 fidem
1070 1517 1137 1561 non
1154 1495 1339 1561 habendam
1356 1498 1482 1582 putavi,
1496 1516 1518 1554 w

199 1601 306 1668 Laevo
337 1602 448 1688 Cispio
481 1604 565 1668 dabo
598 1603 803 1687 perferenda,
836 1605 891 1689 qui
925 1604 1076 1669 omnibus
1108 1603 1155 1667 eis
1187 1602 1340 1667 interfuit
1373 1604 1482 1669 rebus.

165 1726 180 1771 a
200 1709 338 1774 accessit
361 1732 408 1794 eo,
432 1714 468 1773 ut
488 1710 608 1774 milites
628 1710 707 1793 eius,
730 1733 803 1775 cum
823 1711 964 1795 Lepidus
983 1710 1233 1795 contionaretur,
1256 1710 1401 1794 improbi
1425 1733 1483 1796 per

200 1839 248 1901 se,
276 1818 421 1901 corrupti
445 1818 543 1881 etiam
566 1839 624 1901 per
647 1839 716 1900 eos,
747 1817 803 1902 qui
826 1822 994 1902 praesunt,
1018 1815 1171 1883 Canidios
1195 1817 1426 1902 Rufrenosque
1449 1822 1483 1882 et

201 1929 335 2007 ceteros,
358 1946 448 2010 quos,
471 1947 545 1990 cum
569 1946 651 2009 opus
675 1925 747 2009 erit,
771 1924 896 2008 scietis,
919 1925 1156 1990 conclamarint
1177 1924 1240 1989 viri
1264 1924 1344 1989 boni
1366 1945 1483 2009 pacem

200 2055 234 2096 se
263 2033 345 2096 velle
372 2054 476 2116 neque
505 2054 574 2096 esse
599 2054 671 2095 cum
700 2032 776 2096 ullis
806 2036 1010 2117 pugnaturos
1039 2032 1165 2097 duobus
1194 2032 1260 2096 iam
1290 2032 1483 2099 consulibus
1497 2049 1521 2090 rs

201 2139 421 2223 singularibus
445 2138 574 2220 occisis,
601 2143 654 2203 tot
681 2139 807 2203 civibus
830 2162 889 2223 pro
912 2139 1023 2223 patria
1045 2139 1189 2222 amissis,
1216 2137 1369 2204 hostibus
1399 2138 1486 2203 deni·

202 2268 263 2328 que
284 2246 434 2310 omnibus
454 2245 605 2310 iudicatis
625 2247 785 2330 bonisque
808 2247 999 2331 publicatis3
1022 2269 1126 2331 neque
1144 2245 1206 2311 hoc
1225 2251 1284 2311 aut
1301 2245 1487 2311 vindicarat

166 2352 343 2437 sLepidns
378 2358 434 2416 aut
467 2357 607 2416 sanarat.
653 2353 715 2418 hoc
743 2377 794 2418 me
823 2354 931 2418 venire
960 2358 993 2418 et
1020 2354 1146 2418 duobus
1180 2353 1378 2418 exercitibus
1413 2374 1487 2418 con·

202 2460 320 2524 iunctis
350 2460 478 2524 obicere
507 2461 684 2524 exercitum
712 2460 952 2544 fidelissimum,
984 2459 1106 2525 auxilia
1134 2460 1289 2544 maxima,
1319 2460 1486 2545 principes

203 2565 337 2649 Galliae,
360 2566 560 2651 provinciam
586 2572 737 2632 cunctam
760 2590 905 2632 summae
929 2567 1110 2632 dementiae
1134 2571 1167 2631 et
1189 2567 1387 2632 temeritatis
1414 2590 1485 2633 esse
1500 2585 1525 2623 2⁰

202 2675 277 2759 vidi,
301 2674 454 2758 mihique,
480 2674 508 2737 si
532 2675 580 2737 ita
603 2697 777 2759 oppressus
801 2697 906 2740 essem
929 2696 1061 2758 remque
1080 2674 1245 2759 publicam
1265 2696 1394 2739 mecum
1414 2697 1487 2759 pro

202 2781 368 2865 didissem,
400 2785 530 2845 mortuo
559 2804 624 2846 non
652 2783 749 2847 modo
776 2783 947 2867 honorem,
980 2781 1036 2846 sed
1069 2781 1326 2846 misericordiam
1354 2803 1487 2866 quoque

202 2888 404 2952 defuturum:
428 2889 539 2973 itaque
559 2889 722 2954 rediturus
746 2912 818 2955 sum
841 2912 900 2955 nec
923 2894 1018 2954 tanta
1036 2911 1171 2955 munera
1187 2888 1326 2973 perditis
1344 2887 1487 2953 homini-

168 2996 264 3058 obus
293 2996 362 3059 dari
396 3017 491 3079 posse
521 2996 635 3060 sinam.
686 2997 863 3061 exercitum
890 2997 972 3062 locis
999 2996 1138 3061 habeam
1171 2995 1379 3080 opportunis,
1411 3016 1486 3081 pro·

203 3102 342 3166 vinciam
376 3109 480 3188 tuear,
513 3104 643 3168 etiamsi
672 3103 727 3168 ille
758 3104 918 3169 exercitus
951 3103 1115 3187 descierit,
1147 3103 1320 3186 omniaque
1352 3101 1488 3188 integra
1501 3118 1526 3156 2⁵

204 3230 343 3294 serrem,
375 3211 458 3274 dabo
491 3232 637 3295 operam,
672 3213 778 3295 quoad
811 3211 971 3276 exercitus
1002 3210 1065 3274 hoc
1098 3209 1313 3274 summittatis
1345 3210 1487 3294 parique

203 3314 360 3380 felicitate
389 3339 456 3380 rem
480 3340 510 3401 p.
539 3316 593 3381 hic
620 3317 804 3401 vindicetis,
835 3340 894 3382 nec
922 3317 1120 3401 depugnare,
1148 3317 1177 3380 si
1205 3317 1332 3381 occasio
1360 3316 1488 3400 tulerit,

202 3444 261 3487 nec
290 3422 445 3506 obsideri,
478 3423 506 3486 si
534 3446 664 3488 necesse
693 3424 805 3508 fuerit,
837 3445 896 3488 nec
924 3423 1021 3507 mori,
1054 3423 1082 3487 si
1110 3444 1203 3488 casus
1231 3423 1397 3506 inciderit,
1425 3446 1487 3508 pro

208 3565 413 3573 ae**

293 3658 316 3705 1.
337 3651 480 3706 decreram
500 3652 559 3721 M¹,
583 3652 762 3707 decreueram
782 3652 900 3706 M⁰HD
921 3654 931 3722 ΙΙ
954 3657 978 3706 2.
999 3651 1033 3705 de
1052 3652 1098 3720 M,
1123 3670 1173 3707 om.
1193 3652 1255 3706 HD
1271 3654 1280 3721 ΙΙ
1298 3656 1323 3706 3.
1343 3651 1486 3722 delibare]

204 3723 359 3777 deliberare
378 3723 508 3792 (liberare
526 3723 580 3793 Hl)
603 3726 652 3793 ΨΙΙ
667 3730 690 3779 b.
711 3727 742 3778 at
759 3741 793 3778 ea
811 3723 848 3777 ad
867 3723 913 3776 Ml
927 3727 936 3792 ΙΙ
951 3722 1145 3777 sanctissimus
1163 3741 1198 3778 ea
1217 3722 1397 3777 santissimae
1413 3725 1465 3778 M⁰
1479 3739 1489 3791 j·

204 3800 228 3849 6.
247 3794 368 3862 miisque
387 3797 424 3848 M
427 3796 441 3857 ¹,
460 3794 601 3863 nimisque
621 3795 689 3864 HD,
708 3794 834 3863 meisque
854 3795 889 3847 M
893 3801 912 3849 ⁰.
940 3793 970 3847 in
989 3794 1086 3862 eisque
1103 3795 1156 3865 (vel
1173 3793 1203 3847 in
1221 3793 1323 3876 iisque)
1341 3797 1489 3866 compunt

203 3867 296 3920 deletis
323 3868 412 3920 uerbis
434 3866 464 3919 in
487 3865 588 3934 quibus
613 3869 660 3934 (os.
682 3869 715 3935 7).
753 3885 792 3920 nn
818 3864 909 3918 mittit
931 3864 1001 3919 mihi
1026 3864 1138 3920 litteras
1159 3897 1190 3904 —
1210 3865 1294 3919 nimis
1321 3882 1410 3934 quam
1439 3865 1487 3919 de-

204 3954 340 4004 sperans.
357 3981 362 3991 .
379 3982 383 3990 .
400 3954 573 4005 querensque
593 3954 622 3991 se
641 3937 808 3991 destitutum
829 3969 875 4006 -,
894 3936 924 3990 in
942 3936 1067 4005 quibus?
1092 3939 1124 3992 de
1141 3935 1227 3990 nimis
1245 3953 1332 4006 quam
1350 3938 1488 3992 baanae

203 4010 237 4074 cf.
257 4009 331 4062 Bria
354 4011 391 4061 ad
415 4010 509 4063 Placet.
535 4009 612 4077 Capi.
632 4014 674 4063 98.
707 4011 788 4063 etiam
811 4011 842 4062 in
869 4009 979 4063 Trucul.
1000 4013 1059 4062 468.
1080 4013 1132 4060 469
1156 4009 1267 4063 Schoell.
1290 4006 1374 4062 nimis
1399 4025 1488 4077 quam

204 4081 272 4132 abiit
291 4083 322 4133 ia
340 4079 487 4147 nimisque.
521 4081 582 4147 ipsa
600 4083 739 4134 enrcntiati
756 4087 896 4134 structura
914 4087 946 4134 ut
963 4097 1020 4133 noa
1037 4087 1076 4133 est
1096 4080 1291 4146 Ciceroniana,
1315 4082 1357 4133 ito
1376 4079 1487 4134 Princo

203 4158 271 4204 certe
290 4169 345 4203 nou
364 4157 401 4204 rat
421 4153 537 4220 indique
551 4153 560 4218 ll
575 4156 598 4205 7.
613 4167 806 4219 quaerensque
821 4151 888 4203 ΜΗ
899 4155 908 4216 ΙΙ
923 4167 952 4204 se
967 4151 1010 4218 M,
1030 4169 1079 4204 om.
1097 4150 1157 4203 HD
1170 4153 1179 4219 ΙΙ
1193 4157 1217 4204 8.
1237 4151 1320 4204 fidem
1336 4166 1419 4204 suam
1434 4151 1468 4204 Η
1479 4152 1488 4223 ll

207 4229 245 4276 10.
266 4221 415 4289 atquibus
436 4222 503 4287 HD,
523 4238 556 4274 ex
575 4222 677 4289 quibus
694 4224 728 4275 M
739 4228 748 4292 ΙΙ
765 4230 804 4275 11.
825 4222 878 4291 eis]
898 4221 933 4274 iis
948 4223 989 4289 M,
1009 4221 1053 4274 his
1069 4222 1130 4275 HD
1143 4224 1152 4290 ΙΙ
1168 4228 1209 4275 12.
1229 4223 1261 4274 ut
1275 4222 1315 4288 M,
1337 4220 1386 4289 qui
1403 4222 1465 4275 HD

205 4301 244 4347 13.
265 4293 474 4418 Rufrenosque'q
499 4296 532 4359 cs.
557 4294 708 4347 Mommsen
727 4297 763 4348 ad
783 4295 811 4348 0.
828 4295 851 4347 Ι.
867 4294 900 4346 L.
920 4293 932 4344 l
952 4299 1003 4344 626
1032 4296 1040 4360 Η
1068 4299 1109 4346 14.
1134 4292 1349 4364 conclamarint]
1372 4293 1485 4348 concla-

203 4368 316 4417 marunt
332 4368 366 4419 Ψ,
397 4382 464 4418 conc
477 4366 606 4418 amarent
625 4365 784 4434 Wesenberq
798 4366 807 4431 ΙΙ
823 4369 863 4418 16.
884 4363 1076 4432 singularibus
1091 4365 1132 4432 M,
1151 4382 1212 4433 sup.
1226 4381 1277 4419 scr.
1291 4364 1322 4418 D
1336 4370 1366 4432 (a
1379 4383 1416 4419 m.
1430 4368 1486 4433 ll),

203 4455 253 4490 orn.
274 4436 312 4488 H.
346 4436 536 4506 singularibus
557 4434 667 4507 (viris)
688 4438 848 4490 Leontinus.
875 4437 909 4501 cf.
930 4437 1076 4503 Pompeios
1094 4454 1138 4503 ap.
1156 4435 1210 4490 Cic.
1226 4437 1262 4489 acl
1277 4435 1335 4490 Au.
1346 4434 1408 4504 Vll,
1419 4441 1486 4504 8,5:

205 4508 279 4559 ‘cum
299 4508 367 4560 haec
387 4511 519 4575 quaestor
542 4506 602 4560 eius
626 4506 751 4560 infirmus
771 4509 800 4561 et
818 4507 899 4575 inops
923 4506 1029 4559 audeat
1054 4507 1167 4560 dicere'.
1201 4513 1316 4561 ceteram
1340 4506 1443 4562 occisis
1461 4514 1487 4561 et

204 4578 315 4630 amissis
335 4582 405 4631 inter·
423 4596 449 4632 ae
468 4581 629 4632 conam-atari
648 4581 734 4632 voluit
753 4580 866 4633 Ernesti
886 4581 895 4646 ll
918 4582 958 4630 17.
979 4577 1108 4630 omnibus
1127 4595 1177 4631 orn.
1198 4578 1231 4630 H
1247 4584 1256 4644 u
1275 4583 1316 4632 18.
1336 4577 1391 4631 hoc
1411 4577 1485 4646 ΜΗ,

203 4648 257 4701 huc
276 4669 308 4702 er
328 4649 378 4702 hec
397 4650 504 4717 D1123.
525 4650 686 4703 defuturum
706 4651 751 4714 M,
771 4667 843 4703 -ram
858 4649 926 4702 HD.
951 4651 984 4713 cl]
1000 4651 1037 4702 ud
1051 4649 1084 4714 V,
1100 4656 1142 4716 21,
1158 4655 1173 4700 5
1188 4650 1253 4717 1124.
1273 4648 1430 4703 exercitum
1444 4649 1486 4717 M,

204 4756 235 4805 ut
254 4755 405 4833 exercitum
429 4756 486 4808 HD
500 4760 508 4823 ll
523 4755 592 4809 locis
611 4756 732 4809 habeam
751 4755 895 4824 oportunis
915 4755 954 4822 H,
974 4754 1043 4808 locis
1063 4720 1182 4811 habediii
1203 4755 1250 4822 (bo
1270 4774 1288 4809 a
1302 4755 1365 4822 M0)
1384 4772 1486 4826 oppor-

204 4828 279 4876 tunis
291 4827 331 4893 M,
346 4827 466 4879 habeam
481 4825 550 4880 locis
565 4826 711 4895 oportunis
721 4828 750 4880 D
764 4830 773 4895 ΙΙ
787 4834 829 4881 26.
844 4828 897 4881 hoc
912 4825 1029 4893 MHD',
1048 4826 1102 4880 huc
1118 4827 1164 4879 Dr
1177 4829 1187 4895 l
1201 4832 1243 4880 27.
1255 4826 1414 4896 depugnari
1424 4827 1487 4882 HD
