3286 5460
643 369 680 423 Μ.
700 368 807 423 TVLLI
826 366 1016 423 CICERONIS

744 603 784 669 x.
821 598 926 690 (427.)

637 761 797 830 cronno
823 761 976 830 onssro
1002 761 1034 829 s,

164 929 177 974 1
289 910 442 994 Lepidus,
469 913 544 974 tuus
573 907 702 990 adfinis,
730 930 821 972 meus
849 905 1036 991 familiaris,
1062 928 1109 991 pr.
1133 906 1172 971 K.
1196 905 1379 982 Quinctiles
1407 929 1470 971 sen·

197 1017 310 1083 tentiis
330 1016 480 1082 omnibus
500 1015 605 1080 hostis
625 1037 645 1078 a
664 1020 778 1079 senatu
797 1014 958 1079 iudicatus
978 1017 1028 1077 est
1047 1012 1219 1097 ceterique,
1243 1013 1299 1097 qui
1318 1035 1384 1078 una
1403 1035 1471 1078 curn

198 1126 255 1190 illo
284 1147 304 1188 a
330 1145 365 1186 re
393 1145 423 1205 p.
452 1120 650 1204 defecerunt3
683 1121 801 1204 quibus
830 1125 939 1184 tumen
962 1120 1002 1184 ad
1026 1119 1199 1185 sanitatem
1222 1120 1377 1185 redeundi
1401 1124 1507 1184 anter

199 1231 238 1295 K.
263 1228 351 1314 Sept.
374 1232 522 1313 potestas
549 1226 638 1292 facta
665 1231 724 1291 cst.
771 1226 866 1291 fortis
895 1248 972 1291 sane
1001 1230 1147 1310 senatus,
1174 1226 1229 1292 sed
1254 1225 1396 1291 maxime
1420 1249 1474 1311 spe

200 1334 338 1402 subsidii
366 1334 423 1399 tui.
470 1333 593 1397 bellum
617 1332 761 1416 quidem,
790 1355 863 1397 cum
891 1332 972 1397 haec
995 1332 1191 1416 scribebam,
1219 1354 1297 1397 saue
1321 1355 1475 1419 magnum

200 1447 270 1508 erat
294 1441 415 1506 scelere
440 1444 473 1504 et
496 1438 629 1503 levitate
652 1438 775 1523 Lepidi
816 1461 877 1504 nos
901 1438 940 1503 dc
964 1438 1137 1504 Dolabella
1160 1440 1293 1524 cotidie,
1318 1463 1403 1526 quae
1425 1463 1476 1506 vo

200 1551 317 1632 lumus,
340 1547 498 1629 audimus,
521 1544 577 1610 sed
601 1546 706 1610 adhuc
724 1546 793 1610 sine
813 1546 928 1630 capite,
951 1545 1020 1611 sine
1040 1551 1180 1631 auctore,
1203 1569 1333 1613 rumore
1351 1549 1476 1613 nuntio.

165 1676 180 1722 a
202 1656 288 1741 quod
312 1676 387 1720 cum
410 1653 457 1717 ita
479 1656 574 1737 essct,
598 1656 709 1716 tamen
731 1653 852 1717 litteris
876 1653 952 1736 tuis,
975 1674 1055 1736 quas
1075 1651 1180 1718 Nonis
1199 1652 1281 1718 Mais
1301 1676 1341 1718 ex
1360 1655 1477 1720 castris
1491 1682 1514 1720 ιο

202 1764 294 1827 datas
323 1781 566 1844 acceperamus,
597 1758 646 1822 ita
672 1780 863 1842 persuasum
891 1763 961 1822 erat
984 1757 1125 1843 civitati,
1157 1758 1311 1824 utillum
1334 1752 1478 1845 iamop

200 1891 349 1953 pressum
378 1888 489 1932 omncs
518 1866 768 1947 arbitrarentur,
796 1868 829 1929 te
852 1870 962 1930 autem
985 1866 1019 1929 in
1042 1864 1174 1930 Italiam
1197 1865 1306 1931 venire
1330 1887 1406 1930 curn
1429 1888 1479 1930 cx·

202 1976 315 2058 ercitu,
337 1979 383 2058 ut,
403 1974 431 2038 si
449 1973 531 2039 hacc
549 1995 589 2037 ex
607 1971 769 2037 sententia
788 1972 938 2039 confecta
955 1975 1073 2056 essent,
1096 1972 1232 2038 consilio
1251 1975 1351 2058 atquc
1370 1976 1479 2038 aucto

201 2082 298 2147 ritate
322 2086 393 2165 tua,
425 2080 478 2146 sin
505 2079 583 2164 quid
606 2079 691 2145 forte
715 2079 910 2164 titubatum,
942 2084 980 2144 ut
1001 2080 1041 2144 fit
1062 2079 1097 2143 in
1120 2079 1222 2165 bello,
1253 2079 1399 2144 exercitu
1422 2084 1480 2144 tuo

201 2190 392 2254 niteremur:
425 2209 522 2272 quem
546 2186 677 2273 quidem
701 2208 763 2271 ego
787 2188 966 2252 exercitum
990 2187 1246 2271 quibuscumque
1268 2191 1410 2271 potuero
1433 2210 1480 2252 re
1494 2213 1517 2254 ιε

203 2297 263 2360 bus
288 2296 427 2378 ornabo;
450 2293 542 2360 cuius
566 2292 614 2357 rei
637 2298 708 2357 tum
732 2296 862 2377 tempus
886 2293 957 2377 crit,
981 2315 1064 2377 cum,
1088 2293 1166 2377 quid
1184 2293 1257 2378 opis
1276 2293 1375 2379 reip.
1399 2294 1481 2358 latu-

201 2425 256 2466 rus
279 2402 308 2466 is
331 2401 492 2465 exercitus
516 2400 560 2464 sit
582 2403 640 2464 aut
663 2400 739 2483 quid
761 2399 828 2464 iam
853 2397 980 2483 tulerit,
999 2403 1114 2464 notum
1134 2421 1204 2465 esse
1223 2400 1382 2485 coeperit3
1405 2422 1481 2465 nam

202 2509 306 2572 adhuc
334 2511 463 2572 tantum
493 2510 627 2571 conatus
656 2505 839 2588 audiuntur,
868 2506 986 2590 optimi
1008 2506 1058 2570 illi
1083 2506 1213 2589 quidem
1236 2509 1270 2571 et
1291 2506 1481 2590 praeclaris-

201 2615 285 2698 simi,
309 2614 364 2678 sod
388 2617 483 2698 gesta
505 2635 557 2678 res
577 2617 793 2697 exspectatur,
818 2634 915 2695 quam
935 2613 1065 2697 quidem
1084 2613 1226 2677 sutiam
1245 2634 1315 2677 esse
1335 2611 1481 2698 aliquam

165 2743 181 2790 3
201 2726 257 2786 aut
281 2720 540 2804 adpropinquare
565 2719 699 2784 confido.
738 2723 795 2783 tua
818 2719 940 2783 virtute
964 2718 1188 2805 magnitudino
1208 2718 1308 2783 animi
1327 2719 1413 2783 nihil
1431 2723 1482 2784 cst
1495 2748 1519 2786 ao

201 2829 358 2912 nobilius,
386 2827 498 2911 itaque
522 2831 686 2910 optamus,
710 2830 748 2890 ut
776 2848 874 2909 quam
897 2825 1040 2909 primum
1064 2829 1097 2889 te
1120 2825 1155 2889 in
1178 2825 1276 2890 Italia
1297 2825 1480 2890 videamus:

202 2958 270 3000 rem
293 2959 323 3018 p.
346 2956 406 2998 nos
429 2933 548 2998 habere
572 2932 815 3017 arbitrabimur,
838 2933 867 2996 si
890 2954 948 2997 vos
970 2931 1173 2996 habebimus.
1210 2932 1374 3017 praeclara
1399 2933 1481 2998 vioc-

204 3064 326 3123 ramus,
350 3040 413 3105 nisi
438 3040 629 3124 spoliatum,
653 3039 823 3123 inermem,
846 3038 1027 3124 fugientem
1050 3037 1191 3124 Lepidus
1215 3037 1393 3123 recepisset
1416 3037 1480 3104 An·

203 3147 343 3228 lonium,
367 3148 477 3230 itaque
499 3168 678 3230 numquam
702 3149 794 3210 tanto
818 3144 892 3210 odio
916 3145 1043 3210 civitati
1067 3145 1231 3210 Antonius
1254 3145 1333 3230 fuit,
1356 3151 1480 3230 quanto

202 3258 253 3317 est
276 3252 431 3338 Lepidus,
459 3253 514 3317 ille
538 3253 625 3317 enim
649 3274 688 3318 ex
711 3251 956 3317 turbulentare
979 3275 1020 3337 p.,
1043 3252 1098 3317 hic
1121 3274 1160 3317 cx
1183 3274 1262 3337 pace
1286 3257 1320 3316 et
1343 3253 1520 3320 victorias

202 3359 324 3423 bellum
353 3357 516 3423 excitavit.
562 3359 639 3425 huic
662 3358 832 3445 oppositos
856 3359 1005 3424 consules
1029 3359 1218 3446 designatos
1240 3358 1414 3443 habemus,
1447 3359 1482 3423 in

202 3466 320 3550 quibus
340 3469 390 3530 est
409 3486 528 3550 magna
546 3466 604 3530 illa
622 3466 752 3550 quidem
771 3487 854 3550 spes,
877 3465 932 3531 scd
952 3488 1070 3550 anceps
1090 3488 1167 3532 cura
1185 3471 1319 3551 propter
1337 3466 1481 3532 incertos

203 3680 325 3761 omnia,
352 3701 410 3743 vos
435 3680 630 3764 exspectari,
657 3679 797 3744 Brutum
825 3680 956 3764 quidem
983 3679 1049 3743 iam
1076 3679 1215 3765 iamque.
1263 3679 1417 3765 quodsi,
1444 3685 1482 3745 ut

202 3806 306 3870 spero,
329 3785 425 3850 victis
448 3786 598 3850 hostibus
621 3786 744 3851 nostris
767 3786 931 3870 veneritis,
955 3789 1064 3850 tamen
1084 3787 1280 3851 auctoritate
1299 3790 1411 3851 vestra
1429 3809 1480 3852 res
1495 3809 1533 3863 so]

119 3934 120 3939 κ
202 3914 231 3974 p.
260 3895 413 3977 exsurget
441 3895 474 3955 et
502 3893 536 3955 in
564 3892 673 3977 aliquo
697 3896 786 3957 statu
809 3893 974 3957 tolerabili
998 3892 1169 3977 consistet3
1200 3898 1278 3958 suut
1300 3893 1389 3958 enim
1412 3916 1482 3978 per·

202 3998 320 4083 multa,
353 3999 472 4083 quibus
500 4000 563 4064 erit
590 4000 797 4083 medendum,
829 3999 959 4064 etiamsi
986 4022 1039 4064 ros
1061 4022 1093 4084 p.
1117 3999 1197 4064 satis
1221 4021 1292 4065 esse
1314 4000 1483 4066 ridebitur

202 4104 378 4169 sceleribus
401 4105 547 4170 hostium
571 4106 717 4170 liberata.
754 4106 833 4170 vale.

365 4241 414 4247 ““
955 4243 970 4274 Ι

291 4321 314 4367 3.
334 4312 468 4380 quintiles
486 4316 513 4370 li.
529 4316 545 4369 l.
568 4317 657 4384 Ψ116.
677 4331 725 4385 spe
745 4315 814 4383 HD,
834 4333 897 4385 spos
917 4317 953 4370 M
963 4319 974 4386 ss
988 4322 1029 4371 10.
1049 4316 1121 4371 mais
1137 4317 1175 4387 H,
1194 4316 1277 4371 maiis
1296 4317 1339 4385 M,
1358 4318 1418 4371 mai
1437 4320 1483 4388 DJ

205 4389 243 4436 15.
264 4385 417 4438 exercitum
432 4386 471 4450 M,
488 4385 610 4440 exercitu
621 4387 660 4454 H,
675 4385 797 4440 excitum
813 4388 861 4451 D¹,
880 4389 926 4442 ‘ot
941 4387 1105 4442 exercitum’
1118 4389 1163 4442 D²
1177 4391 1187 4457 11
1203 4389 1397 4443 15.16.rebus
1413 4389 1482 4456 HD,

202 4455 303 4523 quibus
323 4456 405 4509 rebus
425 4458 462 4510 M
486 4460 494 4525 ΙΙ
523 4463 563 4513 16.
584 4460 650 4511 tunc
674 4460 784 4527 tempus
809 4458 862 4511 erit
880 4459 922 4527 D,
946 4460 1013 4512 tunc
1031 4458 1086 4512 crit
1106 4462 1217 4528 tempus
1236 4459 1270 4512 H
1294 4461 1303 4527 ΙΙ
1331 4459 1394 4528 opis
1414 4461 1482 4528 HD,

202 4544 270 4595 opus
289 4528 327 4581 M
336 4530 346 4596 ΙΙ
361 4533 401 4580 16.
424 4532 464 4583 17.
484 4528 592 4582 laturus
611 4527 648 4601 is]
667 4529 777 4583 laturus
797 4528 834 4610 sis
854 4530 930 4596 MD,
949 4530 1057 4584 laturus
1078 4530 1193 4611 sit,(sic)
1214 4531 1246 4584 H
1258 4533 1267 4598 ΙΙ
1282 4535 1323 4584 17.
1342 4530 1481 4585 axcrcitua

202 4599 1011 4739 llltll'll'llll'l.{lullltllltfflffllblt·
1022 4601 1482 4742 llllllb‘allllllzlt

202 4711 274 4794 viu.
295 4713 413 4808 rs'sosp.
426 4714 496 4810 19'1),
512 4745 620 4798 asoa
633 4745 643 4812 l
656 4690 776 4799 iudam
789 4715 964 4868 iamduep'cf.
978 4717 1107 4812 nursia
1119 4716 1482 4816 nemausam

204 4813 271 4860 1882
290 4810 303 4862 Ι
319 4830 348 4879 p.
365 4816 495 4880 4701130.
516 4816 611 4867 tamen
629 4832 685 4869 non
702 4822 740 4869 est
758 4831 808 4871 car
826 4833 886 4870 cum
929 4818 1000 4870 colio
1020 4817 1097 4884 (blas.
1117 4816 1189 4871 crit'
1206 4834 1236 4885 p.
1252 4818 1297 4884 23)
1314 4822 1483 4886 suspectam
