3314 5460
545 357 800 413 arlsrvmavn
819 360 890 415 XIII.
911 367 934 415 6.
956 367 997 416 6⁸.
1019 367 1042 416 7.
1368 365 1432 428 343

151 520 238 585 fecto
263 542 303 584 ex
327 542 377 585 me
401 521 496 587 facile
520 523 680 608 cognosti.
721 524 929 590 vehementer
958 529 989 589 te
1013 548 1108 612 rogo,
1138 531 1174 591 ut
1198 549 1304 610 cures,
1333 534 1371 592 ut
1394 551 1433 594 ex

151 626 212 690 lrac
242 628 525 694 commendatione
557 629 638 694 mihi
667 628 806 714 Cuspius
840 654 936 716 quam
969 633 1127 698 maximas
1161 657 1258 718 quam
1290 635 1432 720 primum

154 756 250 818 quam
275 734 465 820 saepissime
489 737 613 822 gratias
637 741 724 822 agat.
767 739 846 802 vale.
960 744 963 749 ’

686 967 759 1035 vn.
795 968 898 1056 (310.)

588 1126 750 1195 crosno
776 1128 941 1195 onvvio
967 1128 998 1194 s

239 1288 322 1356 Cum
351 1290 385 1354 in
408 1289 548 1355 Galliam
576 1289 785 1374 proficiscens
813 1311 873 1374 pro
901 1292 1015 1353 nostra
1042 1291 1280 1356 necessitudine
1309 1297 1463 1378 tuaquer

149 1420 279 1462 summa
306 1398 341 1462 in
369 1421 419 1463 me
448 1396 656 1482 opservantia
687 1396 727 1460 ad
757 1418 808 1460 me
841 1396 973 1460 domum
1006 1397 1163 1481 venisses,
1196 1398 1324 1464 locutus
1357 1423 1429 1466 sum

149 1509 259 1570 tecum
291 1505 330 1569 de
363 1526 443 1592 agro
475 1503 629 1590 vectigali
662 1503 829 1586 municipii
858 1502 1018 1588 Atellani,
1050 1505 1105 1587 qui
1136 1510 1223 1569 esset
1251 1506 1283 1569 in
1313 1506 1429 1593 Gallia,

149 1614 337 1695 quantoque
362 1633 459 1696 opere
482 1611 552 1676 eius
575 1610 745 1693 municipii
768 1630 866 1674 causa
888 1608 1080 1695 laborarem,
1104 1611 1164 1675 tibi
1190 1612 1331 1697 ostendi3
1353 1620 1429 1699 post

108 1735 133 1771 ιο
149 1723 240 1783 tuam
260 1722 371 1783 autem
389 1718 625 1802 profectionem
645 1740 717 1782 cum
737 1722 770 1781 et
789 1715 930 1781 maxima
949 1737 1000 1780 res
1019 1717 1188 1801 municipii
1205 1718 1428 1787 honestissimi

149 1825 294 1910 mihique
323 1825 580 1890 coniunctissimi
609 1830 642 1889 et
670 1847 832 1890 summum
861 1845 968 1888 meum
997 1824 1141 1890 officium
1169 1831 1335 1913 ageretur,
1367 1851 1440 1912 pro

147 1937 206 1997 tuo
231 1933 339 1998 animo
363 1933 398 1996 in
421 1955 472 1997 me
496 1933 655 2018 singulari
679 1931 863 1996 existimavi
887 1953 938 1994 me
962 1935 1112 2015 oportere
1131 1932 1171 1997 ad
1190 1938 1222 1997 te
1243 1936 1426 2000 accuratius

148 2040 306 2126 seribere,
338 2041 400 2104 etsi
423 2062 490 2105 non
513 2062 585 2105 sum
612 2039 756 2125 nescius,
788 2043 821 2103 et
849 2061 931 2122 quae
960 2043 1143 2122 temporum
1172 2040 1254 2104 ratio
1283 2046 1316 2105 et
1345 2065 1426 2126 quae

147 2151 204 2210 tua
231 2149 378 2230 potestas
407 2147 465 2233 sit,
494 2147 619 2231 tibique
646 2147 817 2231 negotium
844 2146 957 2209 datum
988 2167 1058 2210 csse
1081 2169 1100 2210 a
1124 2145 1157 2210 C.
1177 2145 1328 2231 Caesare,
1360 2171 1426 2214 non

103 2269 128 2308 1⁵
143 2253 315 2339 iudicium,
337 2253 502 2339 praeclare
526 2254 697 2340 intellego:
721 2275 819 2337 quare
844 2275 864 2317 a
886 2256 919 2317 te
943 2255 1072 2316 tantum
1095 2256 1188 2340 peto,
1210 2259 1368 2338 quantum
1392 2261 1433 2321 et

143 2366 177 2426 te
198 2360 306 2426 facere
329 2383 426 2445 posse
454 2366 488 2426 et
516 2361 657 2426 libenter
685 2384 757 2426 mea
785 2383 882 2425 eausa
909 2359 1073 2425 facturum
1102 2382 1171 2425 esse
1200 2362 1349 2427 arbitror.
1391 2369 1459 2429 eta

141 2469 286 2553 primum
309 2469 408 2533 velim
431 2468 607 2553 existimes,
631 2469 717 2553 quod
742 2491 793 2532 res
818 2472 877 2552 est,
901 2467 1069 2551 municipii
1091 2468 1239 2533 fortunas
1259 2491 1370 2535 omnes
1390 2470 1424 2535 in

140 2576 208 2639 isto
236 2575 391 2661 vectigali
421 2574 612 2660 consistere,
644 2576 696 2640 his
730 2580 839 2639 autem
873 2574 1075 2659 temporibus
1108 2575 1169 2640 hoc
1203 2577 1424 2661 municipium,

139 2682 292 2747 maximis
322 2683 474 2747 oneribus
502 2706 665 2767 pressum,
698 2683 833 2746 summis
866 2681 1027 2746 adfectum
1062 2704 1131 2746 esse
1165 2682 1423 2750 difficultatibus.

96 2806 125 2844 ²0
140 2791 204 2854 lroc
229 2790 289 2855 etsi
316 2811 485 2854 commune
509 2790 635 2854 videtur
659 2811 729 2854 esse
753 2812 827 2853 curn
851 2789 978 2872 multis,
1002 2795 1111 2853 tamen
1136 2789 1216 2853 mihi
1241 2790 1333 2854 crede
1358 2791 1421 2855 sin·

137 2897 264 2982 gularis
287 2896 364 2962 huie
387 2896 564 2981 municipio
589 2896 792 2962 calamitates
817 2896 982 2980 accidisse,
1006 2919 1086 2981 quas
1110 2896 1232 2962 ideirco
1250 2919 1318 2962 non
1338 2919 1422 2962 com·

136 3025 296 3087 memoro,
319 3026 359 3068 ne
382 3003 421 3068 de
441 3004 581 3073 miseriis
601 3027 747 3069 meorum
766 3004 1023 3069 necessariorum
1043 3025 1244 3088 conquerens
1263 3004 1422 3089 homines,

137 3133 223 3196 quos
245 3111 337 3194 nolo,
369 3109 480 3175 videar
507 3111 676 3176 offendere.
718 3112 843 3195 itaque,
874 3111 938 3174 nisi
967 3131 1119 3195 magnam
1149 3134 1240 3195 spem
1268 3112 1456 3180 haberems

136 3217 174 3283 C.
194 3214 327 3282 Caesari
349 3239 409 3282 nos
433 3239 565 3283 causam
589 3214 757 3300 municipii
780 3217 987 3302 probaturos,
1009 3239 1076 3282 non
1099 3222 1170 3282 erat
1194 3240 1300 3304 causa,
1324 3243 1421 3285 cura

63 3340 120 3412 '2⁵
136 3330 174 3388 te
203 3324 265 3388 hoc
297 3328 444 3408 tempore
477 3323 600 3408 aliquid
633 3323 873 3407 contenderem3
906 3324 975 3407 sed,
1008 3325 1084 3408 quia
1116 3326 1242 3390 confido
1275 3326 1420 3410 mihique

134 3431 285 3515 persuasi
307 3429 401 3496 illum
425 3436 458 3495 et
481 3431 653 3516 dignitatis
677 3429 846 3514 municipii
870 3437 903 3495 et
925 3432 1102 3514 aequitatis
1127 3437 1160 3496 et
1184 3433 1282 3497 etiam
1306 3435 1445 3517 1011111--

135 3539 218 3603 tatis
242 3560 320 3625 erga
343 3559 377 3602 se
401 3537 591 3602 habIturum
615 3561 685 3603 esse
709 3539 879 3622 rationem,
902 3538 974 3602 ideo
999 3560 1018 3601 a
1041 3542 1073 3601 te
1092 3560 1158 3602 non
1177 3539 1322 3602 dubitavi
1343 3561 1417 3603 con·

134 3645 280 3727 tendere,
304 3651 341 3708 ut
363 3645 448 3710 hanc
472 3667 603 3711 causam
626 3646 673 3709 illi
697 3645 861 3730 integram
880 3665 1101 3708 conservares:
1126 3644 1211 3727 quod
1231 3645 1292 3709 etsi
1312 3644 1417 3709 nihilo
1437 3666 1452 3712 r

134 3753 245 3817 minus
273 3775 292 3815 a
319 3756 352 3817 te
385 3756 543 3837 peterem,
575 3754 602 3817 si
635 3752 718 3817 nihil
751 3753 946 3817 audivissem
979 3755 1010 3814 te
1044 3751 1109 3814 tale
1143 3750 1274 3836 fecisse,
1307 3756 1417 3817 tamen

87 3878 117 3915 ³⁰
135 3859 294 3924 maiorem
319 3880 410 3943 spem
433 3858 629 3943 impetrandi
657 3864 772 3922 nactus
802 3880 886 3942 sum,
917 3862 1031 3941 postea
1059 3880 1156 3942 quam
1185 3858 1265 3922 mihi
1293 3859 1417 3924 dictum

132 3970 195 4047 cst,
218 3964 280 4030 hoe
303 3965 389 4030 idem
417 3988 436 4029 a
463 3970 496 4029 te
521 3965 691 4051 Regiensis
720 3964 960 4049 impetravisse,
992 3963 1046 4048 qui
1075 3965 1137 4029 etsi
1165 3969 1197 4028 te
1226 3966 1335 4050 aliqua
1363 3989 1415 4031 ne-

130 4195 185 4233 om.
209 4175 308 4245 Ψ11)1
327 4183 418 4231 tamem
436 4177 467 4230 ia
484 4193 535 4247 mp.
555 4179 714 4246 adscripsit:
739 4176 766 4231 O.
783 4175 896 4230 Valerio
916 4177 953 4246 S.)
977 4179 987 4246 11
1009 4182 1051 4233 30.
1071 4177 1181 4230 litteras
1205 4175 1299 4248 (has)
1321 4177 1415 4243 Orelli,

129 4251 199 4316 fort.
226 4255 303 4303 reete.
346 4246 441 4319 (has)
468 4246 577 4302 litteras
605 4251 657 4303 alii
688 4252 698 4318 11
729 4255 770 4302 31.
800 4251 906 4316 quanto
935 4265 1017 4317 opere
1046 4250 1099 4313 M,
1126 4251 1299 4317 quantopere
1327 4249 1388 4302 HD
1412 4260 1415 4311 1

131 4327 160 4374 1.
185 4317 312 4389 cognosti
335 4320 381 4386 M,
410 4318 568 4388 cognouisti
591 4320 653 4374 HD
674 4324 684 4389 11
703 4322 732 4373 te
756 4321 801 4385 M,
830 4338 880 4374 ori.
905 4320 966 4373 HD
992 4322 1002 4387 11
1029 4325 1052 4374 5.
1073 4319 1183 4390 Cluvio]
1210 4323 1244 4385 cs.
1264 4321 1415 4374 Monaesen

128 4392 272 4447 Arrana.
291 4392 318 4444 d.
338 4390 413 4444 Berl.
433 4392 522 4444 Arae.
543 4397 611 4444 1863
627 4410 656 4459 p.
673 4394 833 4460 46631116.
853 4390 1060 4445 necessitudine
1079 4393 1185 4459 tuaque
1205 4391 1272 4458 HD,
1292 4391 1413 4445 necessi-

129 4461 286 4530 tudineque
304 4463 357 4515 tua
374 4461 416 4516 M.
448 4462 654 4516 necessitudine
672 4480 778 4531 proque
803 4466 852 4515 tua
873 4463 959 4516 Orelli
981 4466 990 4531 11
1013 4468 1036 4517 8.
1057 4462 1203 4531 municipii
1221 4461 1357 4532 Atellani]
1378 4464 1413 4530 cf.

130 4533 283 4587 Mommsen
298 4534 336 4587 art
350 4531 377 4587 0.
389 4534 413 4586 I.
424 4533 458 4586 L.
469 4533 494 4585 X
504 4551 534 4602 p.
546 4539 596 4586 359
611 4537 620 4603 11
635 4534 682 4601 qui
698 4537 771 4587 esset
786 4533 815 4586 in
830 4533 936 4606 Gallia]
951 4536 985 4600 cf.
997 4535 1165 4603 lirare-riarde
1182 4533 1409 4588 ‘r.1S'tootsr·crrc.’

127 4604 178 4658 11²
192 4623 221 4674 p.
236 4607 350 4672 99111,
369 4603 495 4672 mihique
514 4604 735 4658 coniunctissimi
751 4606 792 4671 M,
812 4622 862 4659 orn.
879 4605 938 4657 HI)
951 4606 960 4672 1
974 4607 1003 4658 et
1020 4620 1112 4657 meum
1132 4622 1271 4657 summum
1289 4603 1413 4657 officium

127 4675 195 4730 HD
207 4678 217 4744 l
231 4681 273 4730 12.
293 4673 449 4729 existimari
464 4676 506 4741 M,
525 4676 589 4729 -rim
604 4676 665 4730 ΙΙΙ)
677 4679 687 4745 11
702 4681 742 4731 15.
762 4681 802 4730 16,
823 4679 852 4729 et
865 4677 906 4745 tel
926 4679 955 4729 te
970 4678 999 4729 et
1012 4675 1050 4729 H.
1066 4678 1100 4729 Λ.
1117 4677 1194 4730 Koch
1214 4676 1325 4743 (Philet.
1341 4675 1411 4731 Ama

127 4747 158 4800 V
170 4767 198 4815 p.
211 4748 272 4815 161)
284 4749 294 4815 11
308 4752 351 4801 20.
366 4763 511 4800 commune
520 4748 589 4821 (ei)
601 4749 753 4802 Lambinus
767 4751 776 4817 11
790 4754 832 4802 21,
843 4745 1026 4801 calamitiatis
1037 4749 1097 4817 (sic)
1107 4748 1144 4801 M
1154 4750 1163 4816 11
1177 4752 1218 4802 26.
1235 4749 1264 4801 et
1274 4747 1360 4800 otiam
1371 4749 1411 4816 M,

127 4818 220 4873 etiam
239 4819 291 4888 (uel
310 4820 338 4873 et
357 4817 414 4872 iam
434 4819 479 4888 H)
500 4819 568 4874 HD.
601 4822 635 4887 cf.
651 4819 697 4888 IX,
712 4821 810 4889 25,311
824 4826 866 4874 28.
886 4816 940 4872 etsi
958 4818 1031 4887 MD,
1049 4820 1079 4872 et
1097 4819 1131 4873 H
