3314 5460
201 377 265 441 352
651 376 688 431 M.
707 377 814 431 TVLLI
834 376 1022 432 CICERONIS

200 541 233 605 in
256 541 350 606 illum
374 545 449 606 ante
477 541 536 604 has
565 562 653 605 meas
681 540 809 606 litteras
837 539 1020 623 contulisti,
1053 563 1151 626 quam
1180 542 1343 606 maximus
1370 545 1488 626 potest

166 671 181 717 a
201 670 273 712 mea
291 648 569 712 commendatione
585 647 732 713 cumulus
750 648 895 713 accedat:
915 649 967 712 sin
981 652 1091 713 autem
1104 653 1239 733 propter
1253 648 1487 714 verecundiam

201 777 291 819 suam
316 753 423 819 minus
447 777 480 819 se
506 754 568 818 tibi
591 754 712 839 optulit
736 760 794 820 aut
817 754 960 819 nondum
984 777 1058 820 eum
1082 755 1164 819 satis
1187 755 1289 820 habes
1308 755 1485 840 cognitum

201 865 256 925 aut
280 884 361 946 quae
386 866 569 945 causaest,
598 885 655 926 cur
679 862 812 926 maioris
841 862 1131 927 commendationis
1154 861 1313 947 indigeat,
1342 862 1392 927 sic
1422 861 1485 927 tibi

200 991 273 1032 eum
296 969 497 1050 commendo,
520 973 557 1033 ut
579 991 683 1053 neque
707 969 830 1033 maiore
854 968 961 1033 studio
987 953 1181 1053 quemqnam
1204 991 1309 1053 neque
1335 968 1484 1033 iustiori·
1514 990 1528 1028 5

200 1075 260 1137 bus
280 1075 318 1138 de
339 1075 445 1139 causis
465 1075 690 1140 commendare
710 1075 842 1159 possim,
865 1075 1047 1160 faciamque
1066 1075 1108 1158 id,
1130 1076 1216 1160 quod
1235 1074 1354 1139 debent
1373 1074 1485 1140 facere

200 1181 238 1264 oi,
262 1181 318 1265 qui
343 1181 494 1267 religiose
514 1186 547 1245 et
566 1183 635 1247 sine
655 1183 834 1247 ambitione
856 1183 1097 1248 commendant:
1122 1182 1286 1267 spondebo
1311 1182 1401 1246 enirn
1421 1184 1485 1246 tibi

200 1288 249 1352 vel
281 1287 392 1372 potius
426 1289 568 1372 spondeo
601 1289 635 1353 in
668 1309 782 1372 meque
815 1287 936 1373 recipio
970 1311 1025 1354 eos
1063 1312 1133 1354 esse
1166 1287 1223 1353 Μ’.
1248 1285 1339 1354 Curii
1373 1311 1485 1355 mores

198 1417 333 1479 eamque
358 1417 430 1459 cum
454 1396 671 1480 probitatem,
693 1400 764 1460 tum
787 1396 887 1460 etiam
910 1397 1163 1480 humanitatem,
1185 1400 1223 1460 ut
1246 1417 1321 1461 eum
1344 1400 1380 1459 et
1405 1397 1486 1460 ami-

200 1501 278 1565 citia
311 1505 368 1566 tua
400 1505 433 1565 et
466 1506 534 1565 tam
566 1507 718 1567 accurata
752 1503 1048 1587 commendatione,
1086 1501 1114 1567 si
1146 1502 1208 1566 tibi
1240 1502 1285 1566 sit
1318 1503 1486 1588 cognitus,
1503 1526 1530 1562 ro

201 1607 336 1692 dignum
365 1609 410 1672 sis
439 1608 693 1674 existimaturos.
740 1609 821 1674 mihi
849 1615 935 1676 certe
964 1609 1188 1696 gratissimum
1215 1608 1347 1694 feceris,
1381 1610 1410 1674 si
1440 1612 1488 1674 in-

201 1698 363 1777 tellexero
379 1714 437 1777 has
462 1715 589 1779 litteras
614 1720 756 1797 tantum,
786 1720 944 1799 quantum
972 1717 1118 1782 scribens
1146 1716 1364 1801 confidebam,
1398 1719 1485 1802 apud

202 1824 233 1884 tc
257 1821 382 1903 pondus
406 1821 568 1886 babuisse.

706 1965 828 2030 xvru.
867 1965 971 2052 (aaa)
1267 2054 1270 2060 Ι

639 2121 799 2191 oiouuo
825 2124 987 2192 sauvro
1011 2126 1043 2191 s
1505 2137 1528 2175 a

169 2310 179 2356 1
290 2284 366 2349 Non
395 2286 584 2368 concedam,
617 2289 654 2348 ut
677 2285 789 2350 Attico
817 2291 945 2369 nostro,
978 2309 1073 2370 quem
1101 2287 1224 2352 elatum
1251 2287 1385 2353 laetitia
1413 2288 1490 2372 vidi,

202 2391 408 2456 iucundiores
428 2397 503 2457 tuae
523 2392 712 2457 suavissime
733 2393 772 2456 ad
792 2415 864 2457 eum
884 2398 917 2458 et
936 2393 1171 2459 humanissIme
1191 2395 1334 2479 scriptae
1354 2394 1489 2458 litterae

111 2552 116 2561 .
201 2499 323 2563 fuerint
347 2521 444 2583 quam
464 2499 558 2583 mihi3
581 2500 700 2582 †narn,
724 2501 786 2564 etsi
805 2500 936 2585 utrique
955 2506 1105 2567 nostrum
1124 2523 1226 2586 prope
1245 2523 1348 2587 aeque
1372 2507 1489 2588 gratae

201 2611 308 2688 erant,
341 2611 451 2670 tamen
476 2628 536 2691 ego
561 2607 745 2671 admirabar
774 2608 878 2692 magis
906 2613 952 2693 te,
985 2609 1055 2694 qui,
1088 2609 1117 2673 si
1144 2612 1280 2694 rogatus
1310 2611 1370 2672 aut
1400 2611 1487 2673 certe

201 2714 387 2778 admonitus
418 2713 599 2778 liberaliter
627 2713 739 2778 Attico
772 2716 994 2799 respondisses
1021 2753 1058 2763 -
1086 2717 1172 2801 quod
1205 2720 1317 2780 tamen
1349 2714 1488 2780 dubium
1501 2743 1525 2781 so

200 2820 304 2904 nobis,
329 2820 407 2904 quin
431 2820 478 2884 ita
500 2819 646 2885 futurum
670 2820 779 2905 fuerit,
802 2844 867 2886 non
891 2828 962 2887 erat
984 2823 1139 2909 —,nltro
1159 2823 1294 2887 adeum
1314 2821 1487 2907 scripsisse

200 2928 294 3010 eique
317 2950 376 2991 nec
401 2927 548 3011 opinanti
572 2926 775 2993 voluntatem
799 2933 889 2993 tuam
920 2934 1046 2994 tantam
1074 2951 1133 3014 per
1159 2929 1289 2994 litteras
1319 2929 1486 2994 detulisse.

173 3023 178 3031 ¹
201 3034 239 3097 de
264 3056 327 3117 quo
351 3055 418 3097 non
447 3034 542 3098 modo
572 3055 687 3119 rogare
711 3040 758 3118 tc,
790 3039 828 3099 nt
857 3058 894 3100 eo
923 3036 1100 3101 studiosius
1129 3059 1200 3101 mea
1229 3057 1360 3120 quoque
1390 3057 1486 3101 causa

200 3140 310 3223 facias,
333 3162 399 3204 non
422 3140 522 3205 debeo
546 3179 583 3186 -
603 3141 686 3204 nihil
710 3142 796 3206 enim
820 3143 1017 3207 cumulatius
1040 3142 1111 3208 ficri
1129 3147 1250 3228 potest,
1273 3164 1374 3226 quam
1394 3143 1486 3227 polli-

202 3246 283 3311 ceris
304 3285 360 3331 —,
384 3247 439 3311 sed
463 3270 503 3311 ne
527 3248 651 3332 gratias
677 3248 806 3332 quidem
836 3271 945 3334 agere,
973 3251 1060 3335 quod
1084 3255 1121 3314 tn
1144 3254 1178 3314 ct
1200 3248 1304 3334 ipsius
1329 3272 1430 3315 cansa
1453 3254 1524 3316 etat

165 3377 181 3423 2
201 3358 258 3417 tua
282 3357 398 3439 sponte
422 3354 551 3419 feceris:
584 3355 665 3419 illud
689 3359 798 3421 tamen
822 3356 939 3441 dicam,
971 3357 1051 3421 mihi
1076 3355 1122 3440 id,
1151 3356 1238 3441 quod
1260 3355 1387 3436 fecisti,
1415 3378 1486 3421 esse

201 3461 438 3546 gratissimum
473 3460 538 3526 tale
567 3461 653 3525 enim
682 3467 775 3526 tunm
802 3461 957 3528 iudicium
985 3464 1024 3527 de
1052 3463 1184 3528 homine
1212 3484 1264 3547 eo,
1296 3485 1396 3547 quem
1423 3484 1486 3549 ego

201 3569 293 3633 unice
318 3568 429 3654 diligo,
452 3589 518 3632 non
541 3573 652 3652 potest
672 3568 753 3633 mihi
772 3591 837 3633 non
857 3592 981 3634 summe
1000 3592 1070 3635 esso
1089 3569 1273 3654 iucundum,
1297 3571 1388 3654 quod
1410 3592 1485 3634 cum

199 3673 247 3739 ita
275 3675 333 3760 sit,
367 3698 436 3740 esse
465 3680 598 3761 gratum
627 3698 758 3741 neeesse
787 3680 845 3741 est.
892 3678 947 3741 sed
976 3681 1098 3760 tamen,
1130 3677 1285 3760 qnoniam
1313 3676 1398 3741 mihi
1424 3698 1485 3761 pro

200 3782 429 3848 coniunctione
448 3786 562 3847 nostra
581 3784 631 3847 vel
652 3805 785 3867 peceare
804 3787 883 3867 aput
903 3788 934 3848 te
954 3783 987 3848 in
1006 3784 1177 3849 scribendo
1196 3784 1283 3867 licet,
1307 3787 1485 3868 utrumque
1499 3812 1524 3850 so

201 3912 322 3974 eorum,
348 3911 430 3974 quae
453 3892 571 3975 negavi
595 3890 675 3954 mihi
695 3890 846 3954 faciunda
864 3912 945 3975 esse,
968 3890 1099 3956 faciam:
1122 3913 1199 3956 nam
1218 3890 1310 3955 etad
1330 3889 1375 3975 id,
1399 3890 1486 3975 qnod

202 3998 305 4064 Attici
329 4020 427 4063 causa
450 4002 482 4062 te
507 3997 680 4062 ostendisti
700 4019 769 4061 esse
789 3996 961 4080 facturum,
985 4002 1115 4062 tantum
1133 3998 1231 4062 velim
1250 3997 1362 4081 addas,
1386 4018 1486 4081 quan·

200 4110 270 4169 turn
290 4128 329 4170 ex
347 4108 460 4169 nostro
480 4126 589 4169 amore
613 4104 807 4169 accessionis
825 4104 895 4169 fieri
914 4109 1033 4190 potest,
1053 4109 1094 4188 et,
1114 4105 1201 4189 quod
1221 4103 1317 4168 modo
1337 4104 1487 4185 verebar,

291 4337 313 4387 1.
335 4339 358 4388 2.
378 4335 472 4402 potest
490 4349 553 4387 mea
573 4332 729 4399 Marrucine,
748 4335 847 4401 postea
868 4337 899 4386 Ψ
923 4335 932 4399 ΙΙ
960 4339 983 4386 4.
1005 4334 1056 4386 aut
1074 4349 1146 4400 quae
1165 4332 1212 4398 M,
1231 4333 1282 4385 aut
1300 4348 1361 4400 qna
1379 4331 1422 4401 D,
1443 4335 1486 4386 at

200 4421 253 4474 qne
274 4406 308 4459 H
318 4407 365 4471 ll·
385 4403 423 4474 ei]
443 4404 473 4457 hi
495 4408 531 4471 Ψ,
550 4403 569 4457 ii
589 4421 605 4462 ς
624 4407 633 4473 ll
652 4410 675 4458 8.
696 4420 743 4458 eos
763 4421 823 4458 esse
842 4422 878 4458 m.
898 4405 939 4471 M,
960 4421 1019 4458 csse
1039 4421 1086 4458 eos
1105 4421 1142 4458 m.
1161 4403 1222 4458 HD
1241 4406 1250 4472 ll
1269 4409 1293 4457 9.
1312 4406 1378 4457 tum
1396 4403 1487 4458 ctiam

199 4475 405 4530 humanitatem
424 4477 465 4530 bis
482 4478 586 4545 scripta
604 4478 636 4529 ia
655 4476 691 4529 M
701 4479 710 4541 ss
725 4481 766 4528 10.
788 4475 826 4528 sit
844 4474 986 4546 cognitus]
1005 4477 1039 4542 cf.
1056 4475 1093 4529 F.
1109 4475 1271 4530 Hartmauu
1287 4475 1385 4531 ‘Arclt
1400 4477 1422 4543 f.
1438 4477 1487 4531 lat.

200 4548 354 4618 Lcaicoyrst
375 4547 414 4600 Ill
429 4566 457 4616 p.
474 4552 525 4600 346
549 4549 557 4616 Η
582 4553 623 4601 15.
644 4564 724 4600 sorno
743 4548 780 4600 M
799 4550 808 4615 ΙΙ
833 4554 873 4601 18.
893 4562 959 4599 narn
977 4547 1036 4617 oct]
1056 4548 1116 4601 hiat
1134 4547 1230 4600 oratio.
1263 4545 1348 4614 qnasi
1363 4565 1420 4616 pro
1438 4546 1487 4615 qni

201 4619 223 4671 si
243 4635 267 4676 ς,
304 4620 477 4687 probabilius
499 4621 533 4672 ab
556 4621 621 4672 aliis
646 4621 746 4672 lucaico
769 4621 914 4672 statuitur:
942 4634 998 4671 non
1020 4620 1092 4687 erat,
1124 4616 1227 4689 <nobis
1250 4616 1322 4671 satis
1348 4617 1487 4691 recuses>

200 4691 307 4756 Baiter,
325 4689 525 4758 respondisses,
540 4688 643 4762 <nobis
657 4691 768 4758 gratum
783 4688 918 4761 fecisses)
934 4691 1078 4744 Lehmann
1091 4690 1131 4758 (p.
1143 4691 1197 4757 61),
1215 4690 1323 4756 melias,
1342 4692 1400 4745 atsi
1415 4691 1488 4761 qaod

199 4762 412 4828 supplementum
427 4768 489 4830 post
507 4777 563 4813 non
583 4764 644 4814 crat
663 4764 792 4815 r'iaccrtruu
810 4763 917 4819 rirallcru
940 4763 949 4829 ΙΙ
972 4767 1013 4816 22.
1034 4760 1115 4829 eiquo
1134 4777 1185 4813 ncc
1204 4760 1284 4828 MD,
1304 4764 1393 4830 alque
1414 4777 1488 4830 qnae

200 4845 252 4882 nec
271 4832 304 4882 H
314 4835 324 4897 ll
338 4837 379 4884 27,
400 4848 452 4897 ogo
471 4833 512 4899 M,
532 4850 582 4886 (run
603 4832 663 4884 m)
676 4836 685 4900 1!
700 4839 741 4885 Ἡ.
762 4834 873 4900 gratum
894 4849 954 4885 csse
975 4834 1004 4884 ll
