3314 5460
198 328 263 390 222
647 325 683 379 Μ.
703 324 809 378 TVLLI
828 322 1018 379 CICERONIS

198 490 373 569 vitaverat3
407 509 581 572 oppressus
610 491 661 551 est
688 486 775 551 enim
803 488 890 552 bello
918 486 1102 572 repentino,
1132 485 1217 568 quod
1245 485 1371 550 bellum
1393 506 1473 550 com·

200 601 325 661 motum
349 619 368 659 a
392 594 531 678 Scapula
554 593 601 657 ita
624 599 739 677 postea
762 596 990 659 confirmatum
1014 598 1065 658 est
1088 616 1107 657 a
1131 591 1301 677 Pompeio,
1329 590 1475 656 utnulla

165 703 326 768 aratione
355 703 396 766 ab
428 701 486 765 illa
516 700 647 765 miseria
675 723 708 765 se
737 701 861 785 eripere
890 704 1011 784 posset.
1056 699 1168 765 eadem
1200 721 1299 765 causa
1332 698 1398 762 lere
1430 702 1477 764 est

201 811 243 875 M.
262 809 370 873 Planii
389 807 537 891 Heredis,
560 807 615 890 qui
640 812 690 871 cst
713 808 792 872 item
816 806 964 890 Calenus,
989 806 1111 891 Leptae
1133 806 1241 871 nostri
1264 805 1480 871 familiarissi-

202 939 283 981 mus.
311 916 408 980 hosce
429 913 531 998 igitur
550 914 665 977 ambos
684 915 745 978 tibi
766 914 812 979 sic
832 914 1032 996 commendo,
1054 917 1093 977 nt
1112 914 1234 979 maiore
1254 935 1341 997 cura,
1365 911 1481 993 studio,
1503 930 1514 969 ὁ

203 1022 421 1089 sollicitudine
451 1020 551 1085 animi
579 1021 803 1085 commendare
826 1043 891 1085 non
920 1021 1054 1105 possim.
1100 1020 1175 1085 volo
1202 1020 1351 1104 ipsorum
1379 1041 1482 1102 causa,

201 1153 315 1215 meque
343 1131 377 1193 in
406 1151 443 1194 eo
472 1127 679 1192 vehementer
708 1133 742 1192 et
773 1128 919 1193 amicitia
946 1133 1055 1192 moret
1083 1132 1116 1192 et
1144 1127 1347 1209 humanitas,
1382 1125 1485 1212 Lepta

203 1259 279 1302 vero
313 1259 386 1301 curn
421 1236 469 1299 ita
500 1235 645 1316 laboret,
682 1239 718 1297 ut
751 1235 820 1299 eius
852 1234 1004 1299 fortunae
1041 1234 1212 1299 videantur
1244 1234 1277 1298 in
1311 1234 1484 1298 discrimen

203 1345 327 1426 venire,
359 1366 425 1406 non
457 1364 592 1427 possum
619 1363 680 1427 ego
711 1364 777 1406 non
809 1347 866 1406 aut
898 1343 1044 1426 proxime
1076 1346 1175 1425 atque
1208 1340 1263 1405 ille
1295 1345 1354 1405 aut
1387 1341 1485 1406 etiam

205 1473 305 1533 aeque
330 1450 486 1514 laborare.
529 1453 736 1533 quapropter,
759 1450 821 1513 etsi
846 1472 941 1533 saepe
965 1452 1119 1533 expertus
1143 1471 1224 1531 sum,
1248 1451 1411 1531 quantum
1436 1469 1485 1511 me
1499 1466 1522 1504 ιο

206 1578 345 1637 amares,
368 1561 480 1620 tamen
503 1556 549 1620 sic
573 1556 671 1620 velim
694 1556 755 1620 tibi
780 1558 989 1640 persuadeas,
1013 1556 1046 1619 id
1070 1579 1120 1620 me
1144 1555 1177 1619 in
1199 1554 1261 1619 hac
1283 1576 1319 1619 re
1343 1554 1485 1618 maxime

171 1663 430 1728 uindicaturum.
477 1667 554 1746 peto
588 1663 691 1747 igitur
720 1685 739 1727 a
768 1667 799 1726 te
834 1665 896 1744 vel,
929 1663 957 1727 si
989 1663 1129 1747 pateris,
1162 1684 1232 1741 oro,
1265 1666 1304 1726 ut
1334 1662 1486 1726 homines

206 1770 342 1834 miseros
371 1774 405 1834 et
431 1768 575 1852 fortuna,
609 1791 707 1853 quam
731 1770 833 1834 vitare
861 1792 957 1834 nemo
980 1774 1104 1854 potest,
1133 1769 1238 1855 magis
1265 1791 1367 1854 quam
1391 1768 1487 1853 culpa

206 1877 414 1941 calamitosos
446 1898 615 1940 conserves
648 1875 820 1940 incolumis
853 1877 996 1961 velisque
1024 1899 1082 1960 per
1109 1880 1142 1941 tc
1170 1898 1221 1941 me
1248 1874 1312 1941 hoc
1340 1875 1487 1940 muneris

206 2006 279 2048 cum
302 1982 382 2067 ipsis
406 1982 519 2047 amicis
542 1982 743 2063 hominibus,
771 2004 844 2047 cum
873 1982 1050 2067 municipio
1074 1981 1210 2066 Caleno,
1238 2002 1382 2067 quocum
1406 1981 1525 2045 mihin

205 2110 325 2174 magna
348 2087 552 2153 necessitudo
577 2093 636 2171 cst,
659 2093 729 2152 tum
754 2086 883 2172 Leptae,
907 2111 1002 2173 quem
1027 2089 1178 2154 omnibus
1202 2092 1378 2173 antepono,
1401 2089 1487 2153 dare.

171 2196 293 2280 lquod
317 2196 462 2260 dicturus
487 2218 572 2277 sum,
595 2199 674 2278 puto
699 2195 848 2278 equidem
871 2218 937 2260 non
960 2197 1053 2261 valde
1077 2197 1117 2261 ad
1141 2217 1208 2261 rem
1232 2197 1409 2281 pertinere,
1431 2196 1488 2259 sed

207 2307 316 2367 tamen
339 2301 421 2365 nihil
446 2301 540 2366 obest
568 2300 687 2365 dicere:
716 2323 767 2364 res
796 2301 968 2366 familiaris
995 2301 1089 2366 alteri
1114 2325 1227 2368 eorum
1249 2301 1344 2367 valde
1369 2302 1489 2388 exigua

207 2415 265 2487 est,
289 2409 384 2473 alteri
408 2408 461 2472 vix
484 2408 658 2492 equestria,
683 2414 888 2493 quapropter,
912 2409 1066 2494 quoniam
1090 2410 1136 2474 eis
1157 2406 1276 2475 ansar
1299 2409 1405 2475 vitam
1428 2431 1489 2474 sua

207 2515 405 2580 liberalitate
430 2513 590 2579 concessit
614 2536 672 2579 nec
696 2520 758 2599 est,
788 2516 873 2600 quod
897 2517 944 2580 eis
966 2521 1136 2602 praeterea
1158 2537 1358 2603 magnopere
1381 2516 1526 2602 possita

208 2623 315 2706 adimi,
339 2621 489 2704 reditum,
513 2620 540 2684 si
559 2643 610 2684 me
631 2625 759 2686 tantum
778 2645 877 2707 amas,
895 2628 1054 2709 quantum
1074 2628 1160 2688 certe
1179 2645 1280 2707 amas,
1296 2623 1488 2689 hominibus

208 2732 341 2811 confice,
368 2728 402 2792 in
430 2750 495 2812 quo
519 2727 601 2791 nihil
629 2733 680 2792 est
704 2734 833 2813 praeter
861 2730 947 2794 viam
975 2730 1121 2816 longam,
1149 2752 1245 2815 quam
1276 2730 1400 2796 idcirco
1422 2753 1487 2795 non

207 2836 346 2922 fugiunt,
368 2839 405 2899 ut
429 2838 461 2898 et
484 2834 595 2898 vivant
619 2857 692 2900 cum
717 2836 784 2899 suis
808 2840 841 2901 et
865 2837 1045 2901 moriantur
1064 2837 1166 2901 domi:
1189 2837 1275 2921 quod
1299 2841 1338 2902 ut
1363 2837 1489 2902 enitare

208 2943 447 3025 contendasque
475 2941 525 3005 vel
556 2941 666 3024 potius
695 2948 732 3006 ut
762 2943 909 3026 perficias
937 2981 974 2990 -
999 2948 1096 3029 posse
1127 2944 1213 3009 enim
1241 2949 1274 3007 te
1303 2943 1387 3007 mihi
1419 2966 1489 3027 per·

209 3050 296 3113 aurosi
319 3085 372 3132 —,
394 3047 600 3113 vehementer
624 3052 656 3112 te
680 3047 779 3112 etiam
803 3054 900 3133 atque
924 3051 1023 3115 etiam
1047 3073 1137 3137 rogo.
1501 3067 1525 3106 ³⁵

735 3226 822 3290 XIV.
873 3229 945 3292 326.

417 3347 576 3414 CICERO
601 3225 900 3415 DOLABELLllE
926 3226 1113 3417 chSVLI
1140 3351 1223 3418 SVO
1250 3316 1303 3418 ss

175 3495 186 3542 ι
297 3476 371 3540 Etsi
396 3480 568 3540 contentus
592 3498 693 3557 eram,
722 3477 766 3539 mi
790 3475 975 3559 Dolabella,
1005 3483 1064 3541 tua
1087 3478 1193 3564 gloria
1216 3479 1364 3562 satisque
1388 3500 1426 3542 ex
1449 3498 1486 3541 ea

209 3605 361 3670 magnam
385 3583 545 3647 laetitiam
565 3582 829 3667 voluptatemque
853 3583 1030 3668 capiebam,
1053 3592 1162 3649 tamen
1180 3607 1246 3649 non
1265 3607 1402 3670 possum
1421 3606 1484 3648 nou

209 3690 356 3756 confiteri
380 3689 538 3754 cumulari
563 3710 614 3751 me
638 3689 779 3754 mariuno
803 3690 931 3775 gaudio,
954 3691 1041 3774 quod
1064 3691 1163 3777 vulgo
1183 3690 1358 3756 hominum
1377 3689 1484 3775 opinio
1496 3716 1526 3753 a.

210 3798 333 3863 socium
356 3819 407 3861 me
431 3795 596 3859 adscribat
620 3795 685 3858 tuis
709 3794 869 3859 laudibus.
915 3796 1077 3861 neminem
1103 3796 1238 3863 conveni
1262 3834 1307 3843 —
1331 3796 1484 3862 convenio

210 3910 318 3968 autern
343 3903 462 3969 cotidie
485 3902 657 3986 plurimos3
686 3907 762 3965 sunt
790 3903 876 3966 enim
900 3904 1053 3987 permulti
1078 3904 1193 3988 optimi
1217 3903 1294 3985 viri,
1326 3904 1383 3987 qui
1406 3902 1485 3967 rale-

210 4011 332 4075 tudinis
366 4032 463 4075 causa
491 4010 524 4072 in
550 4010 630 4073 haec
662 4007 734 4072 loca
766 4009 911 4094 veniant,
943 4017 1112 4096 praeterea
1139 4034 1178 4075 ex
1207 4010 1396 4096 municipiis
1428 4009 1485 4073 fre

299 4211 323 4258 4.
343 4203 412 4258 itam
431 4203 545 4256 calenus
559 4202 601 4269 M,
621 4201 689 4255 item
708 4204 740 4255 ut
758 4201 812 4267 (uti
826 4203 866 4269 D)
887 4202 1000 4256 calenus
1015 4203 1076 4257 HD
1088 4206 1099 4272 ΙΙ
1112 4208 1136 4258 5.
1157 4203 1255 4257 ambos
1273 4220 1308 4258 ea·
1327 4201 1406 4257 ambi
1420 4202 1464 4257 M'

210 4275 310 4329 maiori
325 4275 387 4328 HD
400 4278 408 4344 ll
424 4280 464 4328 14.
485 4272 632 4327 incolumis
651 4289 701 4325 mu
717 4273 750 4325 Η
761 4276 770 4341 ΙΙ
786 4278 826 4326 15.
847 4290 909 4327 cum
928 4292 1003 4330 mun.
1023 4275 1064 4342 M,
1084 4291 1147 4328 enm
1166 4292 1240 4330 mun.
1256 4273 1294 4342 Η,
1315 4274 1363 4328 coi
1381 4276 1424 4340 (in
1436 4290 1485 4344 sup.

212 4350 284 4415 curn)
305 4364 378 4399 mun.
394 4347 430 4400 D.
460 4348 521 4399 tum
540 4362 613 4398 mun.
634 4345 685 4397 alii
698 4347 708 4412 ΙΙ
722 4343 875 4414 municipio
889 4344 1005 4417 Caleno]
1025 4351 1060 4411 cs.
1078 4346 1105 4401 0.
1120 4347 1144 4399 Ι.
1160 4347 1194 4400 L.
1208 4345 1234 4399 X
1249 4364 1279 4415 p.
1294 4350 1358 4400 451.
1386 4344 1487 4399 Galam

212 4436 262 4471 ma
282 4419 314 4471 H
339 4421 348 4486 ΙΙ
376 4424 416 4470 is.
442 4416 533 4470 dicere
557 4433 607 4470 oni.
632 4414 693 4468 HD
719 4417 728 4482 11
758 4420 797 4468 19.
823 4415 875 4485 eis]
899 4416 943 4469 hia
969 4420 1009 4484 Ψ,
1033 4416 1068 4470 iis
1094 4416 1179 4472 Orelli
1204 4420 1214 4485 l
1241 4422 1284 4470 20.
1309 4416 1365 4489 eia]
1388 4416 1426 4471 iis
1447 4415 1486 4481 M,

212 4489 256 4541 hia
275 4489 337 4543 HD
359 4492 368 4558 ll
390 4504 492 4557 magno
512 4503 595 4556 opere
614 4504 630 4544 ς
653 4490 662 4556 ΙΙ
685 4491 727 4539 24.
748 4486 956 4555 contendasque
975 4489 1020 4555 Μ,
1040 4488 1194 4543 contendas
1212 4486 1288 4556 quod
1306 4488 1351 4557 D,
1371 4505 1423 4543 om.
1442 4484 1474 4540 H

212 4563 244 4612 ut
262 4577 312 4615 ona
332 4560 440 4628 Η1127.
460 4560 575 4612 alterum
594 4559 691 4611 buruni
710 4558 863 4610 littero-rum
880 4561 1031 4628 exemplum
1049 4566 1125 4614 estat
1142 4562 1173 4613 in
1192 4576 1231 4628 cp.
1251 4560 1289 4613 ad
1302 4558 1364 4614 Aa.
1378 4556 1443 4613 xlv
1456 4561 1488 4611 l'l

212 4631 259 4697 (A,
276 4634 296 4685 i.
315 4649 335 4685 c.
355 4633 411 4685 cod.
433 4631 532 4684 Medic
552 4636 644 4695 49,18
663 4647 680 4681 a
699 4646 738 4681 aare
757 4629 882 4697 collatus)
905 4633 915 4698 ΙΙ
938 4636 981 4685 32.
1001 4631 1049 4698 qui
1073 4648 1123 4685 oiri».
1143 4631 1169 4684 A
1192 4633 1202 4699 l
1225 4633 1267 4683 88.
1286 4628 1318 4683 in
1336 4630 1410 4684 haec
1429 4629 1490 4683 loca

212 4701 329 4755 ueniant
347 4700 527 4769 (conueniant
549 4701 593 4769 ll)
615 4703 650 4767 Ψ,
670 4699 700 4753 in
719 4697 762 4750 his
782 4699 851 4752 locis
870 4701 1041 4755 conueniunt
1059 4702 1096 4768 A,
1113 4702 1185 4770 qaod
1203 4718 1265 4755 cuna
1283 4702 1352 4756 alius
1367 4703 1491 4772 praesen

213 4774 291 4825 Boot.
320 4773 348 4824 in
367 4773 437 4826 haec
455 4772 518 4825 loca
536 4771 659 4839 veniant,
679 4770 890 4843 (conveniunt)
909 4774 1053 4827 Lclunama
1070 4775 1111 4842 (p.
1126 4776 1180 4841 58),
1198 4773 1262 4840 sort.
1281 4780 1353 4829 recu
