<?xml version="1.0" encoding="UTF-8"?>
<!DOCTYPE html PUBLIC "-//W3C//DTD XHTML 1.0 Transitional//EN"
    "http://www.w3.org/TR/xhtml1/DTD/xhtml1-transitional.dtd">
<html xmlns="http://www.w3.org/1999/xhtml" xml:lang="en" lang="en">
 <head>
  <title>
</title>
<meta http-equiv="Content-Type" content="text/html;charset=utf-8" />
  <meta name='ocr-system' content='tesseract 3.04.00' />
  <meta name='ocr-capabilities' content='ocr_page ocr_carea ocr_par ocr_line ocrx_word'/>
</head>
<body>
  <div class='ocr_page' id='page_1' title='image "./mtulliciceronis00koergoog_0086.png"; bbox 0 0 3286 5460; ppageno 0'>
   <div class='ocr_carea' id='block_1_1' title="bbox 552 398 1379 462">
    <p class='ocr_par' dir='ltr' id='par_1_1' title="bbox 552 398 1379 462">
     <span class='ocr_line' id='line_1_1' title="bbox 552 398 1379 462; baseline -0.002 -10"><span class='ocrx_word' id='word_1_1' title='bbox 552 398 810 454; x_wconf 78' lang='lat' dir='ltr'><strong>EPISTVLARVM</strong></span> <span class='ocrx_word' id='word_1_2' title='bbox 827 399 861 454; x_wconf 93' lang='grc' dir='ltr'><strong>Π.</strong></span> <span class='ocrx_word' id='word_1_3' title='bbox 882 404 923 454; x_wconf 81' lang='grc'><strong>17.</strong></span> <span class='ocrx_word' id='word_1_4' title='bbox 1336 400 1379 462; x_wconf 79' lang='grc'><strong>47</strong></span> 
     </span>
    </p>
   </div>
   <div class='ocr_carea' id='block_1_2' title="bbox 37 560 1416 3530">
    <p class='ocr_par' dir='ltr' id='par_1_2' title="bbox 37 560 1416 3530">
     <span class='ocr_line' id='line_1_2' title="bbox 95 560 1379 647; baseline 0.002 -21"><span class='ocrx_word' id='word_1_5' title='bbox 95 563 133 626; x_wconf 94' lang='lat' dir='ltr'><strong>in</strong></span> <span class='ocrx_word' id='word_1_6' title='bbox 151 560 253 646; x_wconf 84' lang='lat' dir='ltr'><strong>Syria,</strong></span> <span class='ocrx_word' id='word_1_7' title='bbox 272 566 429 627; x_wconf 80' lang='lat' dir='ltr'><strong>venturae</strong></span> <span class='ocrx_word' id='word_1_8' title='bbox 448 583 515 627; x_wconf 93' lang='lat' dir='ltr'><strong>non</strong></span> <span class='ocrx_word' id='word_1_9' title='bbox 533 562 612 645; x_wconf 71' lang='lat' dir='ltr'><strong>sint,</strong></span> <span class='ocrx_word' id='word_1_10' title='bbox 636 561 777 627; x_wconf 88' lang='lat' dir='ltr'><strong>Marium</strong></span> <span class='ocrx_word' id='word_1_11' title='bbox 796 562 926 647; x_wconf 88' lang='lat' dir='ltr'><strong>quidem</strong></span> <span class='ocrx_word' id='word_1_12' title='bbox 940 584 1159 628; x_wconf 78' lang='lat' dir='ltr'><strong>successorem</strong></span> <span class='ocrx_word' id='word_1_13' title='bbox 1176 563 1267 627; x_wconf 91' lang='lat' dir='ltr'><strong>tarde</strong></span> <span class='ocrx_word' id='word_1_14' title='bbox 1286 563 1379 628; x_wconf 80' lang='lat' dir='ltr'><strong>video</strong></span> 
     </span>
     <span class='ocr_line' id='line_1_3' title="bbox 96 640 1381 757; baseline -0.001 -23"><span class='ocrx_word' id='word_1_15' title='bbox 96 691 172 734; x_wconf 88' lang='lat' dir='ltr'><strong>esse</strong></span> <span class='ocrx_word' id='word_1_16' title='bbox 191 673 375 753; x_wconf 83' lang='lat' dir='ltr'><strong>venturum,</strong></span> <span class='ocrx_word' id='word_1_17' title='bbox 398 672 572 754; x_wconf 90' lang='lat' dir='ltr'><strong>propterea</strong></span> <span class='ocrx_word' id='word_1_18' title='bbox 591 640 682 754; x_wconf 87' lang='lat' dir='ltr'><strong>quod</strong></span> <span class='ocrx_word' id='word_1_19' title='bbox 697 674 829 735; x_wconf 88' lang='lat' dir='ltr'><strong>senatus</strong></span> <span class='ocrx_word' id='word_1_20' title='bbox 852 670 900 734; x_wconf 91' lang='lat' dir='ltr'><strong>ita</strong></span> <span class='ocrx_word' id='word_1_21' title='bbox 923 669 1073 754; x_wconf 85' lang='lat' dir='ltr'><strong>decrevit,</strong></span> <span class='ocrx_word' id='word_1_22' title='bbox 1097 675 1135 734; x_wconf 92' lang='lat' dir='ltr'><strong>ut</strong></span> <span class='ocrx_word' id='word_1_23' title='bbox 1153 693 1227 735; x_wconf 88' lang='lat' dir='ltr'><strong>cum</strong></span> <span class='ocrx_word' id='word_1_24' title='bbox 1245 669 1381 757; x_wconf 90' lang='lat' dir='ltr'><strong>legioni-</strong></span> 
     </span>
     <span class='ocr_line' id='line_1_4' title="bbox 95 775 1415 864; baseline 0.001 -24"><span class='ocrx_word' id='word_1_25' title='bbox 95 776 162 864; x_wconf 88' lang='lat' dir='ltr'><strong>bus</strong></span> <span class='ocrx_word' id='word_1_26' title='bbox 185 775 258 841; x_wconf 91' lang='lat' dir='ltr'><strong>iret.</strong></span> <span class='ocrx_word' id='word_1_27' title='bbox 294 777 352 841; x_wconf 91' lang='lat' dir='ltr'><strong>uni</strong></span> <span class='ocrx_word' id='word_1_28' title='bbox 375 775 533 861; x_wconf 89' lang='lat' dir='ltr'><strong>epistolae</strong></span> <span class='ocrx_word' id='word_1_29' title='bbox 552 777 718 862; x_wconf 69' lang='lat' dir='ltr'><strong>respondi,</strong></span> <span class='ocrx_word' id='word_1_30' title='bbox 740 777 834 841; x_wconf 84' lang='lat' dir='ltr'><strong>venio</strong></span> <span class='ocrx_word' id='word_1_31' title='bbox 858 776 898 840; x_wconf 86' lang='lat' dir='ltr'><strong>ad</strong></span> <span class='ocrx_word' id='word_1_32' title='bbox 921 777 1068 840; x_wconf 88' lang='lat' dir='ltr'><strong>alteram.</strong></span> <span class='ocrx_word' id='word_1_33' title='bbox 1108 777 1194 861; x_wconf 87' lang='lat' dir='ltr'><strong>petis</strong></span> <span class='ocrx_word' id='word_1_34' title='bbox 1218 799 1237 841; x_wconf 89' lang='lat' dir='ltr'><strong>a</strong></span> <span class='ocrx_word' id='word_1_35' title='bbox 1259 800 1321 861; x_wconf 91' lang='lat' dir='ltr'><strong>me,</strong></span> <span class='ocrx_word' id='word_1_36' title='bbox 1343 780 1415 841; x_wconf 80' lang='lat' dir='ltr'><strong>uta</strong></span> 
     </span>
     <span class='ocr_line' id='line_1_5' title="bbox 96 882 1380 969; baseline 0.001 -23"><span class='ocrx_word' id='word_1_37' title='bbox 96 882 221 947; x_wconf 88' lang='lat' dir='ltr'>Bibulo</span> <span class='ocrx_word' id='word_1_38' title='bbox 246 887 401 968; x_wconf 88' lang='lat' dir='ltr'><strong>tequam</strong></span> <span class='ocrx_word' id='word_1_39' title='bbox 423 883 674 969; x_wconf 77' lang='lat' dir='ltr'><strong>diligentissime</strong></span> <span class='ocrx_word' id='word_1_40' title='bbox 703 883 938 948; x_wconf 80' lang='lat' dir='ltr'><strong>commendem:</strong></span> <span class='ocrx_word' id='word_1_41' title='bbox 965 883 1000 947; x_wconf 91' lang='lat' dir='ltr'><strong>in</strong></span> <span class='ocrx_word' id='word_1_42' title='bbox 1028 904 1092 967; x_wconf 91' lang='lat' dir='ltr'><strong>quo</strong></span> <span class='ocrx_word' id='word_1_43' title='bbox 1120 883 1201 947; x_wconf 90' lang='lat' dir='ltr'><strong>mihi</strong></span> <span class='ocrx_word' id='word_1_44' title='bbox 1229 883 1380 947; x_wconf 89' lang='lat' dir='ltr'><strong>voluntas</strong></span> 
     </span>
     <span class='ocr_line' id='line_1_6' title="bbox 67 989 1379 1074; baseline -0.001 -21"><span class='ocrx_word' id='word_1_45' title='bbox 67 1011 168 1054; x_wconf 86' lang='lat' dir='ltr'><strong>snon</strong></span> <span class='ocrx_word' id='word_1_46' title='bbox 192 990 272 1074; x_wconf 90' lang='lat' dir='ltr'><strong>dest,</strong></span> <span class='ocrx_word' id='word_1_47' title='bbox 296 990 352 1055; x_wconf 91' lang='lat' dir='ltr'><strong>sed</strong></span> <span class='ocrx_word' id='word_1_48' title='bbox 376 990 467 1056; x_wconf 89' lang='lat' dir='ltr'><strong>locus</strong></span> <span class='ocrx_word' id='word_1_49' title='bbox 491 1011 561 1054; x_wconf 88' lang='lat' dir='ltr'><strong>esse</strong></span> <span class='ocrx_word' id='word_1_50' title='bbox 584 990 712 1054; x_wconf 89' lang='lat' dir='ltr'><strong>videtur</strong></span> <span class='ocrx_word' id='word_1_51' title='bbox 730 993 838 1054; x_wconf 93' lang='lat' dir='ltr'><strong>tecum</strong></span> <span class='ocrx_word' id='word_1_52' title='bbox 856 989 1097 1074; x_wconf 68' lang='lat' dir='ltr'><strong>expostulandi,</strong></span> <span class='ocrx_word' id='word_1_53' title='bbox 1121 990 1210 1055; x_wconf 90' lang='lat' dir='ltr'><strong>solus</strong></span> <span class='ocrx_word' id='word_1_54' title='bbox 1233 990 1319 1055; x_wconf 89' lang='lat' dir='ltr'><strong>enim</strong></span> <span class='ocrx_word' id='word_1_55' title='bbox 1343 994 1379 1053; x_wconf 91' lang='lat' dir='ltr'><strong>tu</strong></span> 
     </span>
     <span class='ocr_line' id='line_1_7' title="bbox 97 1093 1379 1181; baseline 0 -21"><span class='ocrx_word' id='word_1_56' title='bbox 97 1119 139 1160; x_wconf 84' lang='lat' dir='ltr'><strong>ex</strong></span> <span class='ocrx_word' id='word_1_57' title='bbox 164 1096 329 1181; x_wconf 89' lang='lat' dir='ltr'><strong>omnibus,</strong></span> <span class='ocrx_word' id='word_1_58' title='bbox 353 1097 410 1181; x_wconf 89' lang='lat' dir='ltr'><strong>qui</strong></span> <span class='ocrx_word' id='word_1_59' title='bbox 433 1119 507 1161; x_wconf 91' lang='lat' dir='ltr'><strong>cum</strong></span> <span class='ocrx_word' id='word_1_60' title='bbox 529 1093 649 1162; x_wconf 89' lang='lat' dir='ltr'><strong>Bibulo</strong></span> <span class='ocrx_word' id='word_1_61' title='bbox 673 1101 762 1180; x_wconf 90' lang='lat' dir='ltr'><strong>sunt,</strong></span> <span class='ocrx_word' id='word_1_62' title='bbox 790 1096 963 1162; x_wconf 79' lang='lat' dir='ltr'><strong>certiorem</strong></span> <span class='ocrx_word' id='word_1_63' title='bbox 987 1118 1037 1160; x_wconf 95' lang='lat' dir='ltr'><strong>me</strong></span> <span class='ocrx_word' id='word_1_64' title='bbox 1060 1118 1239 1181; x_wconf 86' lang='lat' dir='ltr'><strong>numquam</strong></span> <span class='ocrx_word' id='word_1_65' title='bbox 1262 1096 1379 1180; x_wconf 84' lang='lat' dir='ltr'><strong>fecisti,</strong></span> 
     </span>
     <span class='ocr_line' id='line_1_8' title="bbox 97 1200 1380 1288; baseline -0.001 -21"><span class='ocrx_word' id='word_1_66' title='bbox 97 1225 201 1287; x_wconf 89' lang='lat' dir='ltr'><strong>quam</strong></span> <span class='ocrx_word' id='word_1_67' title='bbox 224 1203 317 1269; x_wconf 81' lang='lat' dir='ltr'><strong>valde</strong></span> <span class='ocrx_word' id='word_1_68' title='bbox 340 1200 452 1267; x_wconf 92' lang='lat' dir='ltr'><strong>Bibuli</strong></span> <span class='ocrx_word' id='word_1_69' title='bbox 480 1202 631 1267; x_wconf 87' lang='lat' dir='ltr'><strong>voluntas</strong></span> <span class='ocrx_word' id='word_1_70' title='bbox 655 1226 675 1267; x_wconf 90' lang='lat' dir='ltr'><strong>a</strong></span> <span class='ocrx_word' id='word_1_71' title='bbox 698 1225 749 1267; x_wconf 88' lang='lat' dir='ltr'><strong>me</strong></span> <span class='ocrx_word' id='word_1_72' title='bbox 772 1203 841 1268; x_wconf 89' lang='lat' dir='ltr'><strong>sine</strong></span> <span class='ocrx_word' id='word_1_73' title='bbox 870 1225 967 1268; x_wconf 89' lang='lat' dir='ltr'><strong>causa</strong></span> <span class='ocrx_word' id='word_1_74' title='bbox 994 1203 1196 1287; x_wconf 71' lang='lat' dir='ltr'><strong>abhorreret,</strong></span> <span class='ocrx_word' id='word_1_75' title='bbox 1224 1203 1380 1288; x_wconf 74' lang='lat' dir='ltr'><strong>permulti</strong></span> 
     </span>
     <span class='ocr_line' id='line_1_9' title="bbox 97 1308 1380 1396; baseline -0.002 -21"><span class='ocrx_word' id='word_1_76' title='bbox 97 1309 189 1375; x_wconf 88' lang='lat' dir='ltr'><strong>enim</strong></span> <span class='ocrx_word' id='word_1_77' title='bbox 217 1311 259 1376; x_wconf 89' lang='lat' dir='ltr'><strong>ad</strong></span> <span class='ocrx_word' id='word_1_78' title='bbox 287 1332 338 1375; x_wconf 89' lang='lat' dir='ltr'><strong>me</strong></span> <span class='ocrx_word' id='word_1_79' title='bbox 366 1309 566 1393; x_wconf 88' lang='lat' dir='ltr'><strong>detulerunt,</strong></span> <span class='ocrx_word' id='word_1_80' title='bbox 594 1332 693 1394; x_wconf 90' lang='lat' dir='ltr'><strong>quom</strong></span> <span class='ocrx_word' id='word_1_81' title='bbox 721 1331 858 1396; x_wconf 85' lang='lat' dir='ltr'><strong>magnus</strong></span> <span class='ocrx_word' id='word_1_82' title='bbox 881 1308 1076 1374; x_wconf 84' lang='lat' dir='ltr'><strong>Antiochiae</strong></span> <span class='ocrx_word' id='word_1_83' title='bbox 1104 1314 1210 1375; x_wconf 89' lang='lat' dir='ltr'><strong>metus</strong></span> <span class='ocrx_word' id='word_1_84' title='bbox 1237 1314 1324 1375; x_wconf 87' lang='lat' dir='ltr'><strong>esset</strong></span> <span class='ocrx_word' id='word_1_85' title='bbox 1347 1314 1380 1375; x_wconf 86' lang='lat' dir='ltr'><strong>et</strong></span> 
     </span>
     <span class='ocr_line' id='line_1_10' title="bbox 97 1417 1379 1503; baseline -0.002 -21"><span class='ocrx_word' id='word_1_86' title='bbox 97 1437 223 1503; x_wconf 87' lang='lat' dir='ltr'><strong>magua</strong></span> <span class='ocrx_word' id='word_1_87' title='bbox 250 1438 324 1502; x_wconf 91' lang='lat' dir='ltr'><strong>spes</strong></span> <span class='ocrx_word' id='word_1_88' title='bbox 347 1417 383 1481; x_wconf 93' lang='lat' dir='ltr'><strong>in</strong></span> <span class='ocrx_word' id='word_1_89' title='bbox 405 1439 456 1481; x_wconf 91' lang='lat' dir='ltr'><strong>me</strong></span> <span class='ocrx_word' id='word_1_90' title='bbox 485 1420 582 1501; x_wconf 89' lang='lat' dir='ltr'><strong>atque</strong></span> <span class='ocrx_word' id='word_1_91' title='bbox 610 1417 645 1480; x_wconf 91' lang='lat' dir='ltr'><strong>in</strong></span> <span class='ocrx_word' id='word_1_92' title='bbox 672 1417 815 1482; x_wconf 88' lang='lat' dir='ltr'><strong>exercitu</strong></span> <span class='ocrx_word' id='word_1_93' title='bbox 844 1438 930 1501; x_wconf 91' lang='lat' dir='ltr'><strong>meo,</strong></span> <span class='ocrx_word' id='word_1_94' title='bbox 957 1417 1091 1482; x_wconf 91' lang='lat' dir='ltr'><strong>solitum</strong></span> <span class='ocrx_word' id='word_1_95' title='bbox 1118 1417 1223 1483; x_wconf 87' lang='lat' dir='ltr'><strong>dicere</strong></span> <span class='ocrx_word' id='word_1_96' title='bbox 1251 1417 1379 1503; x_wconf 82' lang='lat' dir='ltr'><strong>quidvis</strong></span> 
     </span>
     <span class='ocr_line' id='line_1_11' title="bbox 54 1523 1379 1611; baseline -0.001 -23"><span class='ocrx_word' id='word_1_97' title='bbox 54 1552 82 1589; x_wconf 85' lang='grc' dir='ltr'><strong>ιο</strong></span> <span class='ocrx_word' id='word_1_98' title='bbox 98 1545 136 1588; x_wconf 90' lang='lat' dir='ltr'><strong>sc</strong></span> <span class='ocrx_word' id='word_1_99' title='bbox 158 1523 288 1609; x_wconf 87' lang='lat' dir='ltr'><strong>perpeti</strong></span> <span class='ocrx_word' id='word_1_100' title='bbox 310 1524 408 1589; x_wconf 87' lang='lat' dir='ltr'><strong>malle</strong></span> <span class='ocrx_word' id='word_1_101' title='bbox 431 1546 529 1609; x_wconf 90' lang='lat' dir='ltr'><strong>quam</strong></span> <span class='ocrx_word' id='word_1_102' title='bbox 552 1523 654 1588; x_wconf 84' lang='lat' dir='ltr'><strong>videri</strong></span> <span class='ocrx_word' id='word_1_103' title='bbox 677 1523 804 1610; x_wconf 86' lang='lat' dir='ltr'><strong>eguisse</strong></span> <span class='ocrx_word' id='word_1_104' title='bbox 825 1524 945 1589; x_wconf 81' lang='lat' dir='ltr'><strong>auxilio</strong></span> <span class='ocrx_word' id='word_1_105' title='bbox 969 1546 1052 1611; x_wconf 86' lang='lat' dir='ltr'><strong>meo,</strong></span> <span class='ocrx_word' id='word_1_106' title='bbox 1075 1526 1161 1609; x_wconf 88' lang='lat' dir='ltr'><strong>quod</strong></span> <span class='ocrx_word' id='word_1_107' title='bbox 1184 1546 1246 1610; x_wconf 90' lang='lat' dir='ltr'><strong>ego</strong></span> <span class='ocrx_word' id='word_1_108' title='bbox 1270 1523 1379 1588; x_wconf 86' lang='lat' dir='ltr'><strong>officio</strong></span> 
     </span>
     <span class='ocr_line' id='line_1_12' title="bbox 98 1615 1380 1716; baseline 0 -21"><span class='ocrx_word' id='word_1_109' title='bbox 98 1615 290 1714; x_wconf 86' lang='lat' dir='ltr'><strong>quaestorio</strong></span> <span class='ocrx_word' id='word_1_110' title='bbox 314 1635 346 1695; x_wconf 88' lang='lat' dir='ltr'><strong>te</strong></span> <span class='ocrx_word' id='word_1_111' title='bbox 370 1631 546 1696; x_wconf 90' lang='lat' dir='ltr'><strong>adductum</strong></span> <span class='ocrx_word' id='word_1_112' title='bbox 572 1630 707 1696; x_wconf 90' lang='lat' dir='ltr'><strong>reticere</strong></span> <span class='ocrx_word' id='word_1_113' title='bbox 731 1632 769 1697; x_wconf 91' lang='lat' dir='ltr'><strong>de</strong></span> <span class='ocrx_word' id='word_1_114' title='bbox 792 1635 942 1716; x_wconf 90' lang='lat' dir='ltr'><strong>praetore</strong></span> <span class='ocrx_word' id='word_1_115' title='bbox 973 1636 1029 1696; x_wconf 87' lang='lat' dir='ltr'><strong>tuo</strong></span> <span class='ocrx_word' id='word_1_116' title='bbox 1052 1654 1118 1696; x_wconf 93' lang='lat' dir='ltr'><strong>non</strong></span> <span class='ocrx_word' id='word_1_117' title='bbox 1141 1631 1277 1696; x_wconf 88' lang='lat' dir='ltr'><strong>moleste</strong></span> <span class='ocrx_word' id='word_1_118' title='bbox 1301 1630 1380 1695; x_wconf 80' lang='lat' dir='ltr'><strong>fere</strong></span> 
     </span>
     <span class='ocr_line' id='line_1_13' title="bbox 97 1736 1379 1822; baseline 0.001 -22"><span class='ocrx_word' id='word_1_119' title='bbox 97 1737 192 1822; x_wconf 88' lang='lat' dir='ltr'><strong>bam,</strong></span> <span class='ocrx_word' id='word_1_120' title='bbox 216 1758 426 1822; x_wconf 89' lang='lat' dir='ltr'><strong>quamquam,</strong></span> <span class='ocrx_word' id='word_1_121' title='bbox 449 1736 720 1821; x_wconf 88' lang='lat' dir='ltr'><strong>quemadmodum</strong></span> <span class='ocrx_word' id='word_1_122' title='bbox 743 1742 933 1821; x_wconf 86' lang='lat' dir='ltr'><strong>tractarere,</strong></span> <span class='ocrx_word' id='word_1_123' title='bbox 961 1738 1140 1803; x_wconf 82' lang='lat' dir='ltr'><strong>audiebam.</strong></span> <span class='ocrx_word' id='word_1_124' title='bbox 1181 1738 1236 1802; x_wconf 91' lang='lat' dir='ltr'><strong>ille</strong></span> <span class='ocrx_word' id='word_1_125' title='bbox 1260 1742 1379 1821; x_wconf 90' lang='lat' dir='ltr'><strong>autem,</strong></span> 
     </span>
     <span class='ocr_line' id='line_1_14' title="bbox 97 1842 1379 1930; baseline 0.001 -22"><span class='ocrx_word' id='word_1_126' title='bbox 97 1866 175 1908; x_wconf 90' lang='lat' dir='ltr'><strong>cum</strong></span> <span class='ocrx_word' id='word_1_127' title='bbox 198 1844 240 1908; x_wconf 88' lang='lat' dir='ltr'><strong>ad</strong></span> <span class='ocrx_word' id='word_1_128' title='bbox 259 1842 437 1908; x_wconf 85' lang='lat' dir='ltr'><strong>Thermum</strong></span> <span class='ocrx_word' id='word_1_129' title='bbox 459 1844 498 1909; x_wconf 88' lang='lat' dir='ltr'><strong>de</strong></span> <span class='ocrx_word' id='word_1_130' title='bbox 517 1843 671 1909; x_wconf 92' lang='lat' dir='ltr'><strong>Parthico</strong></span> <span class='ocrx_word' id='word_1_131' title='bbox 694 1844 781 1909; x_wconf 92' lang='lat' dir='ltr'><strong>bello</strong></span> <span class='ocrx_word' id='word_1_132' title='bbox 805 1845 971 1930; x_wconf 83' lang='lat' dir='ltr'><strong>scriberet,</strong></span> <span class='ocrx_word' id='word_1_133' title='bbox 994 1845 1035 1908; x_wconf 90' lang='lat' dir='ltr'><strong>ad</strong></span> <span class='ocrx_word' id='word_1_134' title='bbox 1054 1867 1104 1909; x_wconf 90' lang='lat' dir='ltr'><strong>me</strong></span> <span class='ocrx_word' id='word_1_135' title='bbox 1123 1844 1267 1908; x_wconf 90' lang='lat' dir='ltr'><strong>litteram</strong></span> <span class='ocrx_word' id='word_1_136' title='bbox 1287 1868 1379 1909; x_wconf 88' lang='lat' dir='ltr'><strong>num·</strong></span> 
     </span>
     <span class='ocr_line' id='line_1_15' title="bbox 98 1951 1378 2036; baseline -0.001 -21"><span class='ocrx_word' id='word_1_137' title='bbox 98 1972 200 2033; x_wconf 86' lang='lat' dir='ltr'><strong>quarn</strong></span> <span class='ocrx_word' id='word_1_138' title='bbox 227 1951 332 2034; x_wconf 89' lang='lat' dir='ltr'><strong>misit,</strong></span> <span class='ocrx_word' id='word_1_139' title='bbox 360 1952 400 2016; x_wconf 88' lang='lat' dir='ltr'><strong>ad</strong></span> <span class='ocrx_word' id='word_1_140' title='bbox 428 1973 524 2036; x_wconf 90' lang='lat' dir='ltr'><strong>quem</strong></span> <span class='ocrx_word' id='word_1_141' title='bbox 552 1951 765 2036; x_wconf 80' lang='lat' dir='ltr'><strong>intellegebat</strong></span> <span class='ocrx_word' id='word_1_142' title='bbox 793 1952 862 2016; x_wconf 90' lang='lat' dir='ltr'><strong>eius</strong></span> <span class='ocrx_word' id='word_1_143' title='bbox 889 1952 968 2016; x_wconf 94' lang='lat' dir='ltr'><strong>belli</strong></span> <span class='ocrx_word' id='word_1_144' title='bbox 996 1951 1177 2035; x_wconf 88' lang='lat' dir='ltr'><strong>periculum</strong></span> <span class='ocrx_word' id='word_1_145' title='bbox 1204 1952 1378 2035; x_wconf 88' lang='lat' dir='ltr'><strong>pertinere:</strong></span> 
     </span>
     <span class='ocr_line' id='line_1_16' title="bbox 55 2057 1380 2144; baseline -0.002 -20"><span class='ocrx_word' id='word_1_146' title='bbox 55 2084 83 2124; x_wconf 85' lang='lat'><strong>15</strong></span> <span class='ocrx_word' id='word_1_147' title='bbox 97 2061 232 2122; x_wconf 89' lang='lat' dir='ltr'><strong>tantum</strong></span> <span class='ocrx_word' id='word_1_148' title='bbox 261 2059 300 2122; x_wconf 86' lang='lat' dir='ltr'><strong>de</strong></span> <span class='ocrx_word' id='word_1_149' title='bbox 328 2062 489 2144; x_wconf 86' lang='lat' dir='ltr'><strong>auguratu</strong></span> <span class='ocrx_word' id='word_1_150' title='bbox 517 2057 576 2122; x_wconf 90' lang='lat' dir='ltr'><strong>filii</strong></span> <span class='ocrx_word' id='word_1_151' title='bbox 605 2059 656 2123; x_wconf 90' lang='lat' dir='ltr'><strong>sui</strong></span> <span class='ocrx_word' id='word_1_152' title='bbox 680 2058 812 2142; x_wconf 85' lang='lat' dir='ltr'><strong>scripsit</strong></span> <span class='ocrx_word' id='word_1_153' title='bbox 840 2058 881 2122; x_wconf 90' lang='lat' dir='ltr'><strong>ad</strong></span> <span class='ocrx_word' id='word_1_154' title='bbox 909 2082 975 2143; x_wconf 85' lang='lat' dir='ltr'><strong>me;</strong></span> <span class='ocrx_word' id='word_1_155' title='bbox 1004 2058 1038 2121; x_wconf 90' lang='lat' dir='ltr'><strong>in</strong></span> <span class='ocrx_word' id='word_1_156' title='bbox 1067 2080 1131 2141; x_wconf 91' lang='lat' dir='ltr'><strong>quo</strong></span> <span class='ocrx_word' id='word_1_157' title='bbox 1155 2079 1230 2143; x_wconf 88' lang='lat' dir='ltr'><strong>cgo,</strong></span> <span class='ocrx_word' id='word_1_158' title='bbox 1258 2057 1380 2122; x_wconf 87' lang='lat' dir='ltr'><strong>miseri-</strong></span> 
     </span>
     <span class='ocr_line' id='line_1_17' title="bbox 63 2163 1380 2250; baseline 0.002 -23"><span class='ocrx_word' id='word_1_159' title='bbox 63 2164 213 2235; x_wconf 77' lang='lat' dir='ltr'><strong>,cordia</strong></span> <span class='ocrx_word' id='word_1_160' title='bbox 246 2170 429 2232; x_wconf 91' lang='lat' dir='ltr'><strong>commotus</strong></span> <span class='ocrx_word' id='word_1_161' title='bbox 462 2170 496 2230; x_wconf 88' lang='lat' dir='ltr'><strong>et</strong></span> <span class='ocrx_word' id='word_1_162' title='bbox 528 2164 614 2250; x_wconf 91' lang='lat' dir='ltr'><strong>quod</strong></span> <span class='ocrx_word' id='word_1_163' title='bbox 647 2187 774 2249; x_wconf 89' lang='lat' dir='ltr'><strong>semper</strong></span> <span class='ocrx_word' id='word_1_164' title='bbox 805 2165 1023 2230; x_wconf 89' lang='lat' dir='ltr'><strong>amicissimus</strong></span> <span class='ocrx_word' id='word_1_165' title='bbox 1055 2163 1173 2228; x_wconf 93' lang='lat' dir='ltr'><strong>Bibulo</strong></span> <span class='ocrx_word' id='word_1_166' title='bbox 1206 2164 1269 2247; x_wconf 84' lang='lat' dir='ltr'><strong>fui,</strong></span> <span class='ocrx_word' id='word_1_167' title='bbox 1308 2164 1380 2229; x_wconf 86' lang='lat' dir='ltr'><strong>dadi</strong></span> 
     </span>
     <span class='ocr_line' id='line_1_18' title="bbox 98 2270 1416 2357; baseline 0.002 -24"><span class='ocrx_word' id='word_1_168' title='bbox 98 2291 249 2354; x_wconf 86' lang='lat' dir='ltr'><strong>operam,</strong></span> <span class='ocrx_word' id='word_1_169' title='bbox 281 2273 319 2334; x_wconf 87' lang='lat' dir='ltr'><strong>ut</strong></span> <span class='ocrx_word' id='word_1_170' title='bbox 346 2271 376 2335; x_wconf 87' lang='lat' dir='ltr'><strong>ei</strong></span> <span class='ocrx_word' id='word_1_171' title='bbox 404 2293 504 2357; x_wconf 92' lang='lat' dir='ltr'><strong>quam</strong></span> <span class='ocrx_word' id='word_1_172' title='bbox 534 2271 767 2337; x_wconf 89' lang='lat' dir='ltr'><strong>humanissime</strong></span> <span class='ocrx_word' id='word_1_173' title='bbox 800 2271 984 2336; x_wconf 88' lang='lat' dir='ltr'><strong>scriberem.</strong></span> <span class='ocrx_word' id='word_1_174' title='bbox 1027 2270 1081 2334; x_wconf 90' lang='lat' dir='ltr'><strong>ille</strong></span> <span class='ocrx_word' id='word_1_175' title='bbox 1110 2271 1138 2334; x_wconf 94' lang='lat' dir='ltr'><strong>si</strong></span> <span class='ocrx_word' id='word_1_176' title='bbox 1169 2271 1303 2354; x_wconf 81' lang='lat' dir='ltr'><strong>†omnis</strong></span> <span class='ocrx_word' id='word_1_177' title='bbox 1332 2275 1416 2337; x_wconf 73' lang='lat' dir='ltr'><strong>esta</strong></span> 
     </span>
     <span class='ocr_line' id='line_1_19' title="bbox 100 2375 1381 2462; baseline 0 -22"><span class='ocrx_word' id='word_1_178' title='bbox 100 2376 283 2442; x_wconf 82' lang='lat' dir='ltr'><strong>malevolus</strong></span> <span class='ocrx_word' id='word_1_179' title='bbox 303 2414 345 2424; x_wconf 94' lang='lat'>-</span> <span class='ocrx_word' id='word_1_180' title='bbox 365 2379 452 2462; x_wconf 90' lang='lat' dir='ltr'><strong>quod</strong></span> <span class='ocrx_word' id='word_1_181' title='bbox 474 2400 651 2462; x_wconf 91' lang='lat' dir='ltr'><strong>numquam</strong></span> <span class='ocrx_word' id='word_1_182' title='bbox 674 2378 858 2442; x_wconf 86' lang='lat' dir='ltr'><strong>existimavi</strong></span> <span class='ocrx_word' id='word_1_183' title='bbox 885 2414 934 2459; x_wconf 91' lang='lat'><strong>—,</strong></span> <span class='ocrx_word' id='word_1_184' title='bbox 961 2377 1067 2441; x_wconf 88' lang='lat' dir='ltr'><strong>minus</strong></span> <span class='ocrx_word' id='word_1_185' title='bbox 1092 2376 1236 2441; x_wconf 87' lang='lat' dir='ltr'><strong>offendor</strong></span> <span class='ocrx_word' id='word_1_186' title='bbox 1258 2375 1293 2440; x_wconf 93' lang='lat' dir='ltr'><strong>in</strong></span> <span class='ocrx_word' id='word_1_187' title='bbox 1318 2399 1381 2459; x_wconf 87' lang='lat' dir='ltr'><strong>me;</strong></span> 
     </span>
     <span class='ocr_line' id='line_1_20' title="bbox 101 2483 1382 2574; baseline -0.001 -27"><span class='ocrx_word' id='word_1_188' title='bbox 101 2484 151 2548; x_wconf 88' lang='lat' dir='ltr'><strong>sin</strong></span> <span class='ocrx_word' id='word_1_189' title='bbox 180 2488 293 2549; x_wconf 88' lang='lat' dir='ltr'><strong>autem</strong></span> <span class='ocrx_word' id='word_1_190' title='bbox 322 2507 342 2548; x_wconf 91' lang='lat' dir='ltr'><strong>a</strong></span> <span class='ocrx_word' id='word_1_191' title='bbox 369 2507 420 2550; x_wconf 92' lang='lat' dir='ltr'><strong>me</strong></span> <span class='ocrx_word' id='word_1_192' title='bbox 449 2489 500 2549; x_wconf 90' lang='lat' dir='ltr'><strong>est</strong></span> <span class='ocrx_word' id='word_1_193' title='bbox 527 2485 676 2569; x_wconf 89' lang='lat' dir='ltr'><strong>alienior,</strong></span> <span class='ocrx_word' id='word_1_194' title='bbox 708 2485 789 2574; x_wconf 87' lang='lat' dir='ltr'><strong>nihil</strong></span> <span class='ocrx_word' id='word_1_195' title='bbox 819 2484 880 2548; x_wconf 91' lang='lat' dir='ltr'><strong>tibi</strong></span> <span class='ocrx_word' id='word_1_196' title='bbox 909 2506 998 2548; x_wconf 89' lang='lat' dir='ltr'><strong>meae</strong></span> <span class='ocrx_word' id='word_1_197' title='bbox 1031 2483 1160 2547; x_wconf 87' lang='lat' dir='ltr'><strong>litterae</strong></span> <span class='ocrx_word' id='word_1_198' title='bbox 1192 2483 1382 2567; x_wconf 89' lang='lat' dir='ltr'><strong>proderunt:</strong></span> 
     </span>
     <span class='ocr_line' id='line_1_21' title="bbox 67 2589 1381 2676; baseline -0.001 -22"><span class='ocrx_word' id='word_1_199' title='bbox 67 2612 192 2675; x_wconf 78' lang='lat' dir='ltr'><strong>auam,</strong></span> <span class='ocrx_word' id='word_1_200' title='bbox 225 2591 266 2655; x_wconf 88' lang='lat' dir='ltr'><strong>ad</strong></span> <span class='ocrx_word' id='word_1_201' title='bbox 295 2595 443 2655; x_wconf 89' lang='lat' dir='ltr'><strong>senatum</strong></span> <span class='ocrx_word' id='word_1_202' title='bbox 472 2614 551 2676; x_wconf 85' lang='lat' dir='ltr'><strong>quas</strong></span> <span class='ocrx_word' id='word_1_203' title='bbox 579 2590 717 2657; x_wconf 89' lang='lat' dir='ltr'><strong>Bibulus</strong></span> <span class='ocrx_word' id='word_1_204' title='bbox 745 2592 873 2655; x_wconf 85' lang='lat' dir='ltr'><strong>litteras</strong></span> <span class='ocrx_word' id='word_1_205' title='bbox 902 2590 1006 2673; x_wconf 88' lang='lat' dir='ltr'><strong>misit,</strong></span> <span class='ocrx_word' id='word_1_206' title='bbox 1033 2590 1067 2653; x_wconf 92' lang='lat' dir='ltr'><strong>in</strong></span> <span class='ocrx_word' id='word_1_207' title='bbox 1095 2589 1156 2673; x_wconf 88' lang='lat' dir='ltr'><strong>cis,</strong></span> <span class='ocrx_word' id='word_1_208' title='bbox 1187 2591 1272 2673; x_wconf 90' lang='lat' dir='ltr'><strong>quod</strong></span> <span class='ocrx_word' id='word_1_209' title='bbox 1301 2590 1381 2654; x_wconf 91' lang='lat' dir='ltr'><strong>mihi</strong></span> 
     </span>
     <span class='ocr_line' id='line_1_22' title="bbox 102 2697 1381 2782; baseline 0.002 -23"><span class='ocrx_word' id='word_1_210' title='bbox 102 2718 175 2762; x_wconf 84' lang='lat' dir='ltr'><strong>cum</strong></span> <span class='ocrx_word' id='word_1_211' title='bbox 199 2697 259 2762; x_wconf 91' lang='lat' dir='ltr'><strong>illo</strong></span> <span class='ocrx_word' id='word_1_212' title='bbox 283 2703 354 2762; x_wconf 88' lang='lat' dir='ltr'><strong>erat</strong></span> <span class='ocrx_word' id='word_1_213' title='bbox 378 2720 557 2782; x_wconf 89' lang='lat' dir='ltr'><strong>commune,</strong></span> <span class='ocrx_word' id='word_1_214' title='bbox 580 2699 642 2763; x_wconf 88' lang='lat' dir='ltr'><strong>sibi</strong></span> <span class='ocrx_word' id='word_1_215' title='bbox 667 2699 728 2763; x_wconf 92' lang='lat' dir='ltr'><strong>soli</strong></span> <span class='ocrx_word' id='word_1_216' title='bbox 752 2698 925 2762; x_wconf 87' lang='lat' dir='ltr'><strong>adtribuit:</strong></span> <span class='ocrx_word' id='word_1_217' title='bbox 952 2719 986 2760; x_wconf 90' lang='lat' dir='ltr'><strong>se</strong></span> <span class='ocrx_word' id='word_1_218' title='bbox 1011 2697 1058 2760; x_wconf 89' lang='lat' dir='ltr'><strong>ait</strong></span> <span class='ocrx_word' id='word_1_219' title='bbox 1081 2719 1224 2781; x_wconf 87' lang='lat' dir='ltr'><strong>curasse,</strong></span> <span class='ocrx_word' id='word_1_220' title='bbox 1247 2702 1285 2761; x_wconf 91' lang='lat' dir='ltr'><strong>ut</strong></span> <span class='ocrx_word' id='word_1_221' title='bbox 1309 2720 1381 2762; x_wconf 90' lang='lat' dir='ltr'><strong>cum</strong></span> 
     </span>
     <span class='ocr_line' id='line_1_23' title="bbox 103 2803 1382 2889; baseline 0 -21"><span class='ocrx_word' id='word_1_222' title='bbox 103 2808 240 2887; x_wconf 86' lang='lat' dir='ltr'><strong>quaestu</strong></span> <span class='ocrx_word' id='word_1_223' title='bbox 263 2805 378 2889; x_wconf 91' lang='lat' dir='ltr'><strong>populi</strong></span> <span class='ocrx_word' id='word_1_224' title='bbox 401 2805 538 2889; x_wconf 88' lang='lat' dir='ltr'><strong>pecunia</strong></span> <span class='ocrx_word' id='word_1_225' title='bbox 560 2808 813 2889; x_wconf 70' lang='lat' dir='ltr'><strong>permutaretur,</strong></span> <span class='ocrx_word' id='word_1_226' title='bbox 842 2803 928 2887; x_wconf 87' lang='lat' dir='ltr'><strong>quod</strong></span> <span class='ocrx_word' id='word_1_227' title='bbox 953 2807 1061 2867; x_wconf 89' lang='lat' dir='ltr'><strong>autem</strong></span> <span class='ocrx_word' id='word_1_228' title='bbox 1086 2826 1193 2867; x_wconf 91' lang='lat' dir='ltr'><strong>meum</strong></span> <span class='ocrx_word' id='word_1_229' title='bbox 1217 2807 1287 2867; x_wconf 88' lang='lat' dir='ltr'><strong>erat</strong></span> <span class='ocrx_word' id='word_1_230' title='bbox 1311 2827 1382 2887; x_wconf 88' lang='lat' dir='ltr'><strong>pro·</strong></span> 
     </span>
     <span class='ocr_line' id='line_1_24' title="bbox 97 2910 1381 2995; baseline 0 -19"><span class='ocrx_word' id='word_1_231' title='bbox 97 2912 223 2995; x_wconf 85' lang='lat' dir='ltr'><strong>prium,</strong></span> <span class='ocrx_word' id='word_1_232' title='bbox 255 2916 294 2975; x_wconf 90' lang='lat' dir='ltr'><strong>ut</strong></span> <span class='ocrx_word' id='word_1_233' title='bbox 322 2912 433 2977; x_wconf 87' lang='lat' dir='ltr'><strong>alariis</strong></span> <span class='ocrx_word' id='word_1_234' title='bbox 460 2910 700 2995; x_wconf 86' lang='lat' dir='ltr'><strong>Transpadanis</strong></span> <span class='ocrx_word' id='word_1_235' title='bbox 731 2911 780 2975; x_wconf 90' lang='lat' dir='ltr'><strong>uti</strong></span> <span class='ocrx_word' id='word_1_236' title='bbox 809 2932 978 2995; x_wconf 83' lang='lat' dir='ltr'><strong>negarem,</strong></span> <span class='ocrx_word' id='word_1_237' title='bbox 1010 2910 1042 2973; x_wconf 91' lang='lat' dir='ltr'><strong>id</strong></span> <span class='ocrx_word' id='word_1_238' title='bbox 1071 2911 1170 2975; x_wconf 90' lang='lat' dir='ltr'><strong>etiam</strong></span> <span class='ocrx_word' id='word_1_239' title='bbox 1197 2910 1318 2995; x_wconf 88' lang='lat' dir='ltr'><strong>populo</strong></span> <span class='ocrx_word' id='word_1_240' title='bbox 1346 2934 1381 2976; x_wconf 90' lang='lat' dir='ltr'><strong>se</strong></span> 
     </span>
     <span class='ocr_line' id='line_1_25' title="bbox 95 3017 1383 3104; baseline -0.002 -21"><span class='ocrx_word' id='word_1_241' title='bbox 95 3018 266 3084; x_wconf 77' lang='lat' dir='ltr'><strong>remisisse</strong></span> <span class='ocrx_word' id='word_1_242' title='bbox 291 3017 421 3104; x_wconf 69' lang='lat' dir='ltr'><strong>scribit,</strong></span> <span class='ocrx_word' id='word_1_243' title='bbox 445 3019 531 3102; x_wconf 89' lang='lat' dir='ltr'><strong>quod</strong></span> <span class='ocrx_word' id='word_1_244' title='bbox 556 3040 630 3082; x_wconf 86' lang='lat' dir='ltr'><strong>vcro</strong></span> <span class='ocrx_word' id='word_1_245' title='bbox 654 3018 743 3082; x_wconf 89' lang='lat' dir='ltr'><strong>illius</strong></span> <span class='ocrx_word' id='word_1_246' title='bbox 767 3022 838 3082; x_wconf 89' lang='lat' dir='ltr'><strong>erat</strong></span> <span class='ocrx_word' id='word_1_247' title='bbox 861 3018 978 3102; x_wconf 88' lang='lat' dir='ltr'><strong>solius,</strong></span> <span class='ocrx_word' id='word_1_248' title='bbox 1000 3017 1032 3080; x_wconf 92' lang='lat' dir='ltr'><strong>id</strong></span> <span class='ocrx_word' id='word_1_249' title='bbox 1057 3040 1182 3082; x_wconf 89' lang='lat' dir='ltr'><strong>mecum</strong></span> <span class='ocrx_word' id='word_1_250' title='bbox 1207 3019 1383 3083; x_wconf 88' lang='lat' dir='ltr'><strong>communi·</strong></span> 
     </span>
     <span class='ocr_line' id='line_1_26' title="bbox 37 3122 1382 3209; baseline 0.004 -25"><span class='ocrx_word' id='word_1_251' title='bbox 37 3130 163 3191; x_wconf 79' lang='lat' dir='ltr'><strong>²⁵cat:</strong></span> <span class='ocrx_word' id='word_1_252' title='bbox 196 3123 375 3207; x_wconf 82' lang='lat' dir='ltr'><strong>‘equitibus</strong></span> <span class='ocrx_word' id='word_1_253' title='bbox 404 3123 606 3209; x_wconf 81' lang='lat' dir='ltr'><strong>auxiliariis&#39;,</strong></span> <span class='ocrx_word' id='word_1_254' title='bbox 634 3122 752 3209; x_wconf 91' lang='lat' dir='ltr'><strong>inquit,</strong></span> <span class='ocrx_word' id='word_1_255' title='bbox 781 3124 865 3188; x_wconf 82' lang='lat' dir='ltr'><strong>‘cum</strong></span> <span class='ocrx_word' id='word_1_256' title='bbox 889 3123 1029 3207; x_wconf 85' lang='lat' dir='ltr'><strong>amplius</strong></span> <span class='ocrx_word' id='word_1_257' title='bbox 1057 3124 1210 3189; x_wconf 89' lang='lat' dir='ltr'><strong>frumenti</strong></span> <span class='ocrx_word' id='word_1_258' title='bbox 1239 3126 1382 3208; x_wconf 89' lang='lat' dir='ltr'><strong>postula-</strong></span> 
     </span>
     <span class='ocr_line' id='line_1_27' title="bbox 80 3229 1381 3316; baseline -0.002 -18"><span class='ocrx_word' id='word_1_259' title='bbox 80 3229 238 3314; x_wconf 77' lang='lat' dir='ltr'><strong>remus’3</strong></span> <span class='ocrx_word' id='word_1_260' title='bbox 266 3231 346 3295; x_wconf 91' lang='lat' dir='ltr'><strong>illud</strong></span> <span class='ocrx_word' id='word_1_261' title='bbox 375 3254 451 3296; x_wconf 89' lang='lat' dir='ltr'><strong>vero</strong></span> <span class='ocrx_word' id='word_1_262' title='bbox 481 3231 591 3315; x_wconf 87' lang='lat' dir='ltr'><strong>pusilli</strong></span> <span class='ocrx_word' id='word_1_263' title='bbox 621 3231 720 3295; x_wconf 89' lang='lat' dir='ltr'><strong>animi</strong></span> <span class='ocrx_word' id='word_1_264' title='bbox 749 3235 782 3294; x_wconf 92' lang='lat' dir='ltr'><strong>et</strong></span> <span class='ocrx_word' id='word_1_265' title='bbox 810 3231 882 3314; x_wconf 87' lang='lat' dir='ltr'><strong>ipsa</strong></span> <span class='ocrx_word' id='word_1_266' title='bbox 910 3231 1138 3295; x_wconf 86' lang='lat' dir='ltr'><strong>malevolentia</strong></span> <span class='ocrx_word' id='word_1_267' title='bbox 1161 3231 1260 3295; x_wconf 90' lang='lat' dir='ltr'><strong>ieiuni</strong></span> <span class='ocrx_word' id='word_1_268' title='bbox 1284 3236 1381 3316; x_wconf 88' lang='lat' dir='ltr'><strong>atque</strong></span> 
     </span>
     <span class='ocr_line' id='line_1_28' title="bbox 68 3328 1382 3423; baseline -0.003 -18"><span class='ocrx_word' id='word_1_269' title='bbox 68 3328 223 3421; x_wconf 76' lang='lat' dir='ltr'><strong>inanis,</strong></span> <span class='ocrx_word' id='word_1_270' title='bbox 253 3338 338 3421; x_wconf 91' lang='lat' dir='ltr'><strong>quod</strong></span> <span class='ocrx_word' id='word_1_271' title='bbox 363 3337 631 3422; x_wconf 84' lang='lat' dir='ltr'><strong>Ariobarzanem,</strong></span> <span class='ocrx_word' id='word_1_272' title='bbox 661 3339 738 3423; x_wconf 89' lang='lat' dir='ltr'><strong>quia</strong></span> <span class='ocrx_word' id='word_1_273' title='bbox 761 3342 893 3402; x_wconf 86' lang='lat' dir='ltr'><strong>senatus</strong></span> <span class='ocrx_word' id='word_1_274' title='bbox 917 3359 974 3422; x_wconf 90' lang='lat' dir='ltr'><strong>per</strong></span> <span class='ocrx_word' id='word_1_275' title='bbox 997 3361 1047 3401; x_wconf 90' lang='lat' dir='ltr'><strong>me</strong></span> <span class='ocrx_word' id='word_1_276' title='bbox 1073 3358 1181 3423; x_wconf 89' lang='lat' dir='ltr'><strong>regem</strong></span> <span class='ocrx_word' id='word_1_277' title='bbox 1206 3339 1382 3422; x_wconf 87' lang='lat' dir='ltr'><strong>appellavit</strong></span> 
     </span>
     <span class='ocr_line' id='line_1_29' title="bbox 64 3443 1381 3530; baseline -0.005 -17"><span class='ocrx_word' id='word_1_278' title='bbox 64 3446 248 3529; x_wconf 77' lang='lat' dir='ltr'><strong>1lrihique</strong></span> <span class='ocrx_word' id='word_1_279' title='bbox 276 3444 528 3530; x_wconf 84' lang='lat' dir='ltr'><strong>commendavit,</strong></span> <span class='ocrx_word' id='word_1_280' title='bbox 556 3445 618 3509; x_wconf 87' lang='lat' dir='ltr'><strong>iste</strong></span> <span class='ocrx_word' id='word_1_281' title='bbox 647 3444 681 3507; x_wconf 93' lang='lat' dir='ltr'><strong>in</strong></span> <span class='ocrx_word' id='word_1_282' title='bbox 709 3445 828 3508; x_wconf 89' lang='lat' dir='ltr'><strong>litteris</strong></span> <span class='ocrx_word' id='word_1_283' title='bbox 855 3466 921 3507; x_wconf 92' lang='lat' dir='ltr'><strong>non</strong></span> <span class='ocrx_word' id='word_1_284' title='bbox 946 3465 1067 3528; x_wconf 89' lang='lat' dir='ltr'><strong>regem,</strong></span> <span class='ocrx_word' id='word_1_285' title='bbox 1096 3444 1150 3507; x_wconf 88' lang='lat' dir='ltr'><strong>sed</strong></span> <span class='ocrx_word' id='word_1_286' title='bbox 1179 3444 1265 3528; x_wconf 88' lang='lat' dir='ltr'><strong>regis</strong></span> <span class='ocrx_word' id='word_1_287' title='bbox 1289 3443 1381 3507; x_wconf 84' lang='lat' dir='ltr'><strong>Ario·</strong></span> 
     </span>
    </p>
   </div>
   <div class='ocr_carea' id='block_1_3' title="bbox 56 3629 316 3654">
    <p class='ocr_par' dir='ltr' id='par_1_3' title="bbox 56 3629 316 3654">
     <span class='ocr_line' id='line_1_30' title="bbox 56 3629 316 3654; baseline -0.004 -5"><span class='ocrx_word' id='word_1_288' title='bbox 56 3629 316 3654; x_wconf 31' lang='grc' dir='ltr'>Ψ...-</span> 
     </span>
    </p>
   </div>
   <div class='ocr_carea' id='block_1_4' title="bbox 53 3778 1382 4903">
    <p class='ocr_par' dir='ltr' id='par_1_4' title="bbox 53 3778 1382 4207">
     <span class='ocr_line' id='line_1_31' title="bbox 190 3778 1381 3850; baseline -0.001 -16"><span class='ocrx_word' id='word_1_289' title='bbox 190 3786 215 3835; x_wconf 89' lang='grc'><strong>1.</strong></span> <span class='ocrx_word' id='word_1_290' title='bbox 238 3780 347 3833; x_wconf 91' lang='lat' dir='ltr'><strong>tardius</strong></span> <span class='ocrx_word' id='word_1_291' title='bbox 366 3781 388 3835; x_wconf 83' lang='lat' dir='ltr'><strong><em>S</em></strong></span> <span class='ocrx_word' id='word_1_292' title='bbox 405 3783 414 3850; x_wconf 78' lang='grc'><strong>11</strong></span> <span class='ocrx_word' id='word_1_293' title='bbox 436 3786 459 3836; x_wconf 75' lang='grc' dir='ltr'><strong>ὅ.</strong></span> <span class='ocrx_word' id='word_1_294' title='bbox 480 3781 592 3835; x_wconf 90' lang='lat' dir='ltr'><strong>uidetur</strong></span> <span class='ocrx_word' id='word_1_295' title='bbox 610 3798 670 3835; x_wconf 89' lang='lat' dir='ltr'><strong>esse</strong></span> <span class='ocrx_word' id='word_1_296' title='bbox 689 3781 711 3836; x_wconf 86' lang='lat' dir='ltr'><strong><em>S</em></strong></span> <span class='ocrx_word' id='word_1_297' title='bbox 731 3783 740 3849; x_wconf 82' lang='grc' dir='ltr'><strong>ΙΙ</strong></span> <span class='ocrx_word' id='word_1_298' title='bbox 764 3785 787 3835; x_wconf 81' lang='lat' dir='ltr'><strong>l.</strong></span> <span class='ocrx_word' id='word_1_299' title='bbox 805 3778 861 3842; x_wconf 89' lang='lat' dir='ltr'><strong>uol.</strong></span> <span class='ocrx_word' id='word_1_300' title='bbox 882 3779 941 3833; x_wconf 87' lang='lat' dir='ltr'><strong>sine</strong></span> <span class='ocrx_word' id='word_1_301' title='bbox 961 3796 1047 3832; x_wconf 90' lang='lat' dir='ltr'><strong>causa</strong></span> <span class='ocrx_word' id='word_1_302' title='bbox 1065 3797 1082 3832; x_wconf 89' lang='lat' dir='ltr'><strong>a</strong></span> <span class='ocrx_word' id='word_1_303' title='bbox 1100 3796 1143 3832; x_wconf 89' lang='lat' dir='ltr'><strong>me</strong></span> <span class='ocrx_word' id='word_1_304' title='bbox 1163 3780 1185 3834; x_wconf 81' lang='lat' dir='ltr'><strong><em>S</em></strong></span> <span class='ocrx_word' id='word_1_305' title='bbox 1205 3784 1213 3848; x_wconf 79' lang='lat' dir='ltr'><strong>ll</strong></span> <span class='ocrx_word' id='word_1_306' title='bbox 1237 3786 1260 3833; x_wconf 80' lang='lat'><strong>8.</strong></span> <span class='ocrx_word' id='word_1_307' title='bbox 1280 3779 1381 3833; x_wconf 88' lang='lat' dir='ltr'><strong>retule-</strong></span> 
     </span>
     <span class='ocr_line' id='line_1_32' title="bbox 53 3851 1381 3923; baseline -0.005 -14"><span class='ocrx_word' id='word_1_308' title='bbox 53 3858 158 3909; x_wconf 78' lang='lat' dir='ltr'><strong>¹*unt</strong></span> <span class='ocrx_word' id='word_1_309' title='bbox 182 3853 206 3907; x_wconf 87' lang='lat' dir='ltr'><strong><em>S</em></strong></span> <span class='ocrx_word' id='word_1_310' title='bbox 223 3854 234 3920; x_wconf 81' lang='grc' dir='ltr'><strong>ΙΙ</strong></span> <span class='ocrx_word' id='word_1_311' title='bbox 253 3853 348 3923; x_wconf 90' lang='lat' dir='ltr'><strong>quom]</strong></span> <span class='ocrx_word' id='word_1_312' title='bbox 368 3869 452 3920; x_wconf 86' lang='lat' dir='ltr'><strong>quam</strong></span> <span class='ocrx_word' id='word_1_313' title='bbox 472 3856 498 3906; x_wconf 80' lang='lat' dir='ltr'><strong>a</strong></span> <span class='ocrx_word' id='word_1_314' title='bbox 521 3856 618 3920; x_wconf 87' lang='lat' dir='ltr'><strong>(quum</strong></span> <span class='ocrx_word' id='word_1_315' title='bbox 637 3854 711 3920; x_wconf 66' lang='lat' dir='ltr'><strong>pqr„</strong></span> <span class='ocrx_word' id='word_1_316' title='bbox 734 3869 796 3905; x_wconf 92' lang='lat' dir='ltr'><strong>cum</strong></span> <span class='ocrx_word' id='word_1_317' title='bbox 817 3853 838 3904; x_wconf 86' lang='lat' dir='ltr'><strong><em>S</em></strong></span> <span class='ocrx_word' id='word_1_318' title='bbox 858 3854 867 3918; x_wconf 82' lang='grc' dir='ltr'><strong>ΙΙ</strong></span> <span class='ocrx_word' id='word_1_319' title='bbox 890 3851 1049 3904; x_wconf 90' lang='lat' dir='ltr'><strong>antiochiae</strong></span> <span class='ocrx_word' id='word_1_320' title='bbox 1068 3854 1131 3918; x_wconf 63' lang='lat' dir='ltr'><strong>ted,</strong></span> <span class='ocrx_word' id='word_1_321' title='bbox 1155 3867 1217 3904; x_wconf 87' lang='lat' dir='ltr'><strong>-eae</strong></span> <span class='ocrx_word' id='word_1_322' title='bbox 1236 3868 1252 3908; x_wconf 88' lang='grc' dir='ltr'><em>ς</em></span> <span class='ocrx_word' id='word_1_323' title='bbox 1276 3855 1285 3918; x_wconf 90' lang='grc' dir='ltr'><strong>ΙΙ</strong></span> <span class='ocrx_word' id='word_1_324' title='bbox 1308 3858 1332 3906; x_wconf 80' lang='grc'><strong>9.</strong></span> <span class='ocrx_word' id='word_1_325' title='bbox 1352 3851 1381 3904; x_wconf 92' lang='lat' dir='ltr'><strong>in</strong></span> 
     </span>
     <span class='ocr_line' id='line_1_33' title="bbox 58 3922 1381 3994; baseline -0.004 -13"><span class='ocrx_word' id='word_1_326' title='bbox 58 3923 228 3980; x_wconf 68' lang='lat' dir='ltr'><strong>exercitu</strong></span> <span class='ocrx_word' id='word_1_327' title='bbox 243 3924 278 3989; x_wconf 82' lang='lat' dir='ltr'><strong>a,</strong></span> <span class='ocrx_word' id='word_1_328' title='bbox 297 3924 419 3976; x_wconf 85' lang='lat' dir='ltr'><strong>exercitu</strong></span> <span class='ocrx_word' id='word_1_329' title='bbox 435 3924 476 3992; x_wconf 71' lang='lat' dir='ltr'><strong>Sl}</strong></span> <span class='ocrx_word' id='word_1_330' title='bbox 491 3923 604 3976; x_wconf 90' lang='lat' dir='ltr'><strong>solitum</strong></span> <span class='ocrx_word' id='word_1_331' title='bbox 621 3924 726 3994; x_wconf 76' lang='lat' dir='ltr'><strong>(eum)</strong></span> <span class='ocrx_word' id='word_1_332' title='bbox 743 3923 768 3977; x_wconf 84' lang='lat' dir='ltr'><strong>d.</strong></span> <span class='ocrx_word' id='word_1_333' title='bbox 784 3923 882 3976; x_wconf 83' lang='lat' dir='ltr'><strong>Baiter</strong></span> <span class='ocrx_word' id='word_1_334' title='bbox 900 3922 1027 3993; x_wconf 82' lang='lat' dir='ltr'><strong>(&lt;cum&gt;‚</strong></span> <span class='ocrx_word' id='word_1_335' title='bbox 1047 3939 1109 3974; x_wconf 91' lang='lat' dir='ltr'><strong>cum</strong></span> <span class='ocrx_word' id='word_1_336' title='bbox 1123 3939 1241 3991; x_wconf 88' lang='lat' dir='ltr'><strong>magnus</strong></span> <span class='ocrx_word' id='word_1_337' title='bbox 1262 3924 1381 3977; x_wconf 67' lang='lat' dir='ltr'><strong>cotue-rat</strong></span> 
     </span>
     <span class='ocr_line' id='line_1_34' title="bbox 63 3993 1382 4068; baseline -0.001 -20"><span class='ocrx_word' id='word_1_338' title='bbox 63 3993 195 4068; x_wconf 71' lang='lat' dir='ltr'><strong>Kleyn</strong></span> <span class='ocrx_word' id='word_1_339' title='bbox 236 4038 242 4047; x_wconf 98' lang='lat'><strong><em>.</em></strong></span> <span class='ocrx_word' id='word_1_340' title='bbox 274 3996 364 4063; x_wconf 70' lang='lat' dir='ltr'>&gt;1th.</span> <span class='ocrx_word' id='word_1_341' title='bbox 380 4011 409 4047; x_wconf 86' lang='lat' dir='ltr'><strong>se</strong></span> <span class='ocrx_word' id='word_1_342' title='bbox 428 3995 538 4063; x_wconf 86' lang='lat' dir='ltr'><strong>eguisse</strong></span> <span class='ocrx_word' id='word_1_343' title='bbox 554 3997 595 4063; x_wconf 73' lang='lat' dir='ltr'><strong>Sll</strong></span> <span class='ocrx_word' id='word_1_344' title='bbox 611 4001 651 4048; x_wconf 86' lang='lat'><strong>10.</strong></span> <span class='ocrx_word' id='word_1_345' title='bbox 664 4000 704 4048; x_wconf 90' lang='grc'><strong>11,</strong></span> <span class='ocrx_word' id='word_1_346' title='bbox 720 3994 795 4061; x_wconf 87' lang='lat' dir='ltr'><strong>quod</strong></span> <span class='ocrx_word' id='word_1_347' title='bbox 815 4010 866 4063; x_wconf 86' lang='lat' dir='ltr'><strong>ego</strong></span> <span class='ocrx_word' id='word_1_348' title='bbox 885 3996 913 4046; x_wconf 87' lang='lat' dir='ltr'><strong>te</strong></span> <span class='ocrx_word' id='word_1_349' title='bbox 933 3994 978 4046; x_wconf 87' lang='lat' dir='ltr'><strong>otl&#39;.</strong></span> <span class='ocrx_word' id='word_1_350' title='bbox 993 3995 1101 4060; x_wconf 82' lang='lat' dir='ltr'><strong>quaest.</strong></span> <span class='ocrx_word' id='word_1_351' title='bbox 1122 3993 1285 4046; x_wconf 87' lang='lat' dir='ltr'><strong>adiunctum</strong></span> <span class='ocrx_word' id='word_1_352' title='bbox 1304 4012 1325 4047; x_wconf 86' lang='lat' dir='ltr'><strong>r.</strong></span> <span class='ocrx_word' id='word_1_353' title='bbox 1345 3997 1382 4067; x_wconf 62' lang='lat' dir='ltr'><strong>Sl</strong></span> 
     </span>
     <span class='ocr_line' id='line_1_35' title="bbox 66 4013 1382 4134; baseline 0.001 -19"><span class='ocrx_word' id='word_1_354' title='bbox 66 4066 132 4123; x_wconf 84' lang='lat'><strong>11.</strong></span> <span class='ocrx_word' id='word_1_355' title='bbox 169 4013 340 4118; x_wconf 70' lang='lat' dir='ltr'><strong>adductum</strong></span> <span class='ocrx_word' id='word_1_356' title='bbox 367 4067 404 4118; x_wconf 99' lang='lat' dir='ltr'><em>M</em></span> <span class='ocrx_word' id='word_1_357' title='bbox 423 4069 432 4134; x_wconf 83' lang='grc' dir='ltr'><strong>ΙΙ</strong></span> <span class='ocrx_word' id='word_1_358' title='bbox 457 4071 497 4120; x_wconf 82' lang='lat' dir='ltr'><strong>la.</strong></span> <span class='ocrx_word' id='word_1_359' title='bbox 527 4065 678 4119; x_wconf 89' lang='lat' dir='ltr'><strong>admodum</strong></span> <span class='ocrx_word' id='word_1_360' title='bbox 709 4067 733 4117; x_wconf 78' lang='grc' dir='ltr'><strong>(ι’</strong></span> <span class='ocrx_word' id='word_1_361' title='bbox 757 4068 765 4132; x_wconf 74' lang='lat' dir='ltr'><strong>ll</strong></span> <span class='ocrx_word' id='word_1_362' title='bbox 788 4066 909 4117; x_wconf 87' lang='lat' dir='ltr'><strong>tractare</strong></span> <span class='ocrx_word' id='word_1_363' title='bbox 934 4066 965 4129; x_wconf 72' lang='lat' dir='ltr'><strong>S,</strong></span> <span class='ocrx_word' id='word_1_364' title='bbox 1000 4072 1038 4130; x_wconf 85' lang='lat' dir='ltr'><strong>et,</strong></span> <span class='ocrx_word' id='word_1_365' title='bbox 1066 4083 1084 4117; x_wconf 87' lang='lat' dir='ltr'><strong>a</strong></span> <span class='ocrx_word' id='word_1_366' title='bbox 1106 4083 1139 4117; x_wconf 86' lang='lat' dir='ltr'><strong>m.</strong></span> <span class='ocrx_word' id='word_1_367' title='bbox 1160 4072 1175 4116; x_wconf 81' lang='lat'><strong>2</strong></span> <span class='ocrx_word' id='word_1_368' title='bbox 1196 4068 1226 4117; x_wconf 82' lang='lat' dir='ltr'><strong>ia</strong></span> <span class='ocrx_word' id='word_1_369' title='bbox 1244 4083 1305 4133; x_wconf 75' lang='lat' dir='ltr'><strong>rap,</strong></span> <span class='ocrx_word' id='word_1_370' title='bbox 1337 4066 1382 4134; x_wconf 69' lang='lat' dir='ltr'><strong>llll</strong></span> 
     </span>
     <span class='ocr_line' id='line_1_36' title="bbox 73 4135 1381 4207; baseline -0.004 -15"><span class='ocrx_word' id='word_1_371' title='bbox 73 4140 132 4195; x_wconf 82' lang='lat'><strong>13.</strong></span> <span class='ocrx_word' id='word_1_372' title='bbox 143 4143 191 4190; x_wconf 78' lang='lat'><strong>14.</strong></span> <span class='ocrx_word' id='word_1_373' title='bbox 204 4136 244 4189; x_wconf 88' lang='lat' dir='ltr'><strong>ad</strong></span> <span class='ocrx_word' id='word_1_374' title='bbox 258 4152 302 4189; x_wconf 92' lang='lat' dir='ltr'><strong>me</strong></span> <span class='ocrx_word' id='word_1_375' title='bbox 316 4136 424 4189; x_wconf 89' lang='lat' dir='ltr'><strong>nullam</strong></span> <span class='ocrx_word' id='word_1_376' title='bbox 438 4136 561 4189; x_wconf 87' lang='lat' dir='ltr'><strong>litteram</strong></span> <span class='ocrx_word' id='word_1_377' title='bbox 576 4136 654 4189; x_wconf 83' lang='lat' dir='ltr'><strong>misit</strong></span> <span class='ocrx_word' id='word_1_378' title='bbox 664 4138 685 4190; x_wconf 75' lang='lat' dir='ltr'><strong><em>S</em></strong></span> <span class='ocrx_word' id='word_1_379' title='bbox 696 4140 705 4204; x_wconf 77' lang='lat' dir='ltr'><strong>ll</strong></span> <span class='ocrx_word' id='word_1_380' title='bbox 721 4142 761 4189; x_wconf 80' lang='grc'><strong>14.</strong></span> <span class='ocrx_word' id='word_1_381' title='bbox 778 4139 807 4188; x_wconf 90' lang='lat' dir='ltr'><strong>at</strong></span> <span class='ocrx_word' id='word_1_382' title='bbox 821 4136 858 4187; x_wconf 89' lang='lat' dir='ltr'><em>M</em></span> <span class='ocrx_word' id='word_1_383' title='bbox 868 4135 914 4203; x_wconf 73' lang='lat' dir='ltr'><strong>(acl</strong></span> <span class='ocrx_word' id='word_1_384' title='bbox 927 4136 959 4188; x_wconf 93' lang='lat' dir='ltr'><em>M</em></span> <span class='ocrx_word' id='word_1_385' title='bbox 965 4143 985 4199; x_wconf 74' lang='grc' dir='ltr'><strong>Υ)</strong></span> <span class='ocrx_word' id='word_1_386' title='bbox 1000 4138 1009 4203; x_wconf 83' lang='grc' dir='ltr'><strong>ΙΙ</strong></span> <span class='ocrx_word' id='word_1_387' title='bbox 1023 4135 1176 4202; x_wconf 86' lang='lat' dir='ltr'><strong>periculum</strong></span> <span class='ocrx_word' id='word_1_388' title='bbox 1192 4135 1251 4187; x_wconf 87' lang='lat' dir='ltr'><strong>eius</strong></span> <span class='ocrx_word' id='word_1_389' title='bbox 1267 4135 1334 4188; x_wconf 80' lang='lat' dir='ltr'><strong>belli</strong></span> <span class='ocrx_word' id='word_1_390' title='bbox 1346 4137 1381 4207; x_wconf 59' lang='lat' dir='ltr'><strong>Sl</strong></span> 
     </span>
    </p>

    <p class='ocr_par' dir='ltr' id='par_1_5' title="bbox 79 4205 1381 4276">
     <span class='ocr_line' id='line_1_37' title="bbox 79 4205 1381 4276; baseline -0.003 -13"><span class='ocrx_word' id='word_1_391' title='bbox 79 4212 132 4265; x_wconf 77' lang='grc'><strong>16.</strong></span> <span class='ocrx_word' id='word_1_392' title='bbox 156 4206 263 4261; x_wconf 89' lang='lat' dir='ltr'><strong>bibulo</strong></span> <span class='ocrx_word' id='word_1_393' title='bbox 283 4207 469 4261; x_wconf 85' lang='lat' dir='ltr'><strong>amicissimus</strong></span> <span class='ocrx_word' id='word_1_394' title='bbox 488 4209 510 4261; x_wconf 83' lang='lat' dir='ltr'><em>S</em></span> <span class='ocrx_word' id='word_1_395' title='bbox 526 4213 534 4275; x_wconf 79' lang='grc' dir='ltr'><strong>ΙΙ</strong></span> <span class='ocrx_word' id='word_1_396' title='bbox 555 4214 595 4263; x_wconf 80' lang='grc'><strong>17,</strong></span> <span class='ocrx_word' id='word_1_397' title='bbox 615 4225 700 4276; x_wconf 88' lang='lat' dir='ltr'><strong>quam</strong></span> <span class='ocrx_word' id='word_1_398' title='bbox 718 4225 751 4261; x_wconf 77' lang='lat' dir='ltr'><strong>ea</strong></span> <span class='ocrx_word' id='word_1_399' title='bbox 770 4205 817 4274; x_wconf 93' lang='lat' dir='ltr'><strong>qui</strong></span> <span class='ocrx_word' id='word_1_400' title='bbox 837 4207 871 4258; x_wconf 92' lang='lat' dir='ltr'><em>M</em></span> <span class='ocrx_word' id='word_1_401' title='bbox 876 4213 885 4238; x_wconf 73' lang='lat' dir='ltr'><strong>r</strong></span> <span class='ocrx_word' id='word_1_402' title='bbox 899 4209 908 4274; x_wconf 77' lang='lat' dir='ltr'><strong>ll</strong></span> <span class='ocrx_word' id='word_1_403' title='bbox 922 4206 1101 4259; x_wconf 85' lang='lat' dir='ltr'><strong>rescriberem</strong></span> <span class='ocrx_word' id='word_1_404' title='bbox 1121 4208 1281 4273; x_wconf 77' lang='lat' dir='ltr'><strong>Larnbiaas,</strong></span> <span class='ocrx_word' id='word_1_405' title='bbox 1301 4210 1381 4275; x_wconf 66' lang='lat' dir='ltr'><strong>beree}</strong></span> 
     </span>
    </p>

    <p class='ocr_par' dir='ltr' id='par_1_6' title="bbox 81 4277 1382 4903">
     <span class='ocr_line' id='line_1_38' title="bbox 81 4277 1381 4348; baseline -0.002 -18"><span class='ocrx_word' id='word_1_406' title='bbox 81 4279 191 4334; x_wconf 79' lang='lat' dir='ltr'><strong>omnis</strong></span> <span class='ocrx_word' id='word_1_407' title='bbox 210 4280 240 4331; x_wconf 76' lang='lat' dir='ltr'><strong>a</strong></span> <span class='ocrx_word' id='word_1_408' title='bbox 257 4280 298 4347; x_wconf 84' lang='lat' dir='ltr'><strong>(in</strong></span> <span class='ocrx_word' id='word_1_409' title='bbox 313 4279 350 4330; x_wconf 88' lang='lat' dir='ltr'><em>M</em></span> <span class='ocrx_word' id='word_1_410' title='bbox 364 4296 423 4348; x_wconf 81' lang='lat' dir='ltr'><strong>sup.</strong></span> <span class='ocrx_word' id='word_1_411' title='bbox 443 4297 480 4333; x_wconf 76' lang='lat' dir='ltr'><strong>aa.</strong></span> <span class='ocrx_word' id='word_1_412' title='bbox 500 4282 626 4334; x_wconf 72' lang='lat' dir='ltr'><strong>ortdllum</strong></span> <span class='ocrx_word' id='word_1_413' title='bbox 644 4282 690 4334; x_wconf 84' lang='lat' dir='ltr'><strong>sed</strong></span> <span class='ocrx_word' id='word_1_414' title='bbox 705 4285 799 4348; x_wconf 82' lang='lat' dir='ltr'><strong>posteo</strong></span> <span class='ocrx_word' id='word_1_415' title='bbox 817 4295 923 4330; x_wconf 77' lang='lat' dir='ltr'><strong>eraaaa</strong></span> <span class='ocrx_word' id='word_1_416' title='bbox 943 4277 992 4343; x_wconf 82' lang='lat' dir='ltr'><strong>in),</strong></span> <span class='ocrx_word' id='word_1_417' title='bbox 1012 4278 1141 4330; x_wconf 88' lang='lat' dir='ltr'><strong>omnibus</strong></span> <span class='ocrx_word' id='word_1_418' title='bbox 1156 4278 1183 4344; x_wconf 69' lang='lat' dir='ltr'><strong>S,</strong></span> <span class='ocrx_word' id='word_1_419' title='bbox 1203 4277 1274 4347; x_wconf 74' lang='lat' dir='ltr'><strong>(in)</strong></span> <span class='ocrx_word' id='word_1_420' title='bbox 1291 4277 1381 4329; x_wconf 88' lang='lat' dir='ltr'><strong>omnis</strong></span> 
     </span>
     <span class='ocr_line' id='line_1_39' title="bbox 90 4348 1382 4422; baseline -0.001 -20"><span class='ocrx_word' id='word_1_421' title='bbox 90 4349 199 4405; x_wconf 81' lang='lat' dir='ltr'><strong>Baiter</strong></span> <span class='ocrx_word' id='word_1_422' title='bbox 217 4352 227 4417; x_wconf 77' lang='lat' dir='ltr'><strong>{l</strong></span> <span class='ocrx_word' id='word_1_423' title='bbox 246 4352 290 4402; x_wconf 88' lang='lat' dir='ltr'><strong>est</strong></span> <span class='ocrx_word' id='word_1_424' title='bbox 307 4366 367 4419; x_wconf 68' lang='lat' dir='ltr'><strong>asp.</strong></span> <span class='ocrx_word' id='word_1_425' title='bbox 386 4367 423 4405; x_wconf 77' lang='lat' dir='ltr'><strong>es.</strong></span> <span class='ocrx_word' id='word_1_426' title='bbox 444 4351 488 4405; x_wconf 70' lang='lat' dir='ltr'><strong>G*</strong></span> <span class='ocrx_word' id='word_1_427' title='bbox 507 4354 515 4419; x_wconf 76' lang='lat' dir='ltr'><strong>ll</strong></span> <span class='ocrx_word' id='word_1_428' title='bbox 534 4357 576 4404; x_wconf 76' lang='lat'><strong>⁴30.</strong></span> <span class='ocrx_word' id='word_1_429' title='bbox 596 4351 649 4422; x_wconf 83' lang='lat' dir='ltr'><strong>eis]</strong></span> <span class='ocrx_word' id='word_1_430' title='bbox 668 4350 712 4403; x_wconf 90' lang='lat' dir='ltr'><strong>his</strong></span> <span class='ocrx_word' id='word_1_431' title='bbox 731 4353 764 4416; x_wconf 82' lang='lat' dir='ltr'><strong>a,</strong></span> <span class='ocrx_word' id='word_1_432' title='bbox 785 4349 819 4401; x_wconf 86' lang='lat' dir='ltr'><strong>iis</strong></span> <span class='ocrx_word' id='word_1_433' title='bbox 840 4350 860 4402; x_wconf 71' lang='lat' dir='ltr'><strong><em>S</em></strong></span> <span class='ocrx_word' id='word_1_434' title='bbox 878 4352 887 4416; x_wconf 75' lang='lat' dir='ltr'><strong>ll</strong></span> <span class='ocrx_word' id='word_1_435' title='bbox 908 4354 950 4401; x_wconf 71' lang='lat' dir='ltr'><strong>¹al.</strong></span> <span class='ocrx_word' id='word_1_436' title='bbox 971 4365 1000 4400; x_wconf 85' lang='lat' dir='ltr'><strong>se</strong></span> <span class='ocrx_word' id='word_1_437' title='bbox 1020 4352 1114 4400; x_wconf 73' lang='lat' dir='ltr'><strong>oritoni</strong></span> <span class='ocrx_word' id='word_1_438' title='bbox 1134 4348 1175 4401; x_wconf 86' lang='lat' dir='ltr'><strong>uit</strong></span> <span class='ocrx_word' id='word_1_439' title='bbox 1195 4351 1218 4399; x_wconf 74' lang='grc' dir='ltr'><strong>(ι’</strong></span> <span class='ocrx_word' id='word_1_440' title='bbox 1238 4351 1247 4415; x_wconf 76' lang='lat' dir='ltr'><strong>ll</strong></span> <span class='ocrx_word' id='word_1_441' title='bbox 1266 4365 1329 4400; x_wconf 81' lang='lat' dir='ltr'><strong>curn</strong></span> <span class='ocrx_word' id='word_1_442' title='bbox 1348 4366 1382 4401; x_wconf 74' lang='lat' dir='ltr'><strong>ca</strong></span> 
     </span>
     <span class='ocr_line' id='line_1_40' title="bbox 92 4420 1381 4490; baseline -0.004 -14"><span class='ocrx_word' id='word_1_443' title='bbox 92 4438 165 4487; x_wconf 78' lang='lat' dir='ltr'><strong>qum</strong></span> <span class='ocrx_word' id='word_1_444' title='bbox 186 4421 244 4489; x_wconf 71' lang='grc' dir='ltr'><strong>Μ’,</strong></span> <span class='ocrx_word' id='word_1_445' title='bbox 263 4437 314 4474; x_wconf 87' lang='lat' dir='ltr'><strong>con</strong></span> <span class='ocrx_word' id='word_1_446' title='bbox 333 4424 375 4489; x_wconf 81' lang='lat' dir='ltr'><strong>(ia</strong></span> <span class='ocrx_word' id='word_1_447' title='bbox 392 4423 446 4488; x_wconf 69' lang='lat' dir='ltr'><strong>fine</strong></span> <span class='ocrx_word' id='word_1_448' title='bbox 464 4426 512 4490; x_wconf 79' lang='lat' dir='ltr'><strong>cc.)</strong></span> <span class='ocrx_word' id='word_1_449' title='bbox 531 4422 559 4476; x_wconf 82' lang='lat' dir='ltr'><strong>It</strong></span> <span class='ocrx_word' id='word_1_450' title='bbox 582 4425 591 4490; x_wconf 86' lang='grc' dir='ltr'><strong>ΙΙ</strong></span> <span class='ocrx_word' id='word_1_451' title='bbox 614 4429 655 4476; x_wconf 73' lang='lat'><strong>22.</strong></span> <span class='ocrx_word' id='word_1_452' title='bbox 676 4420 772 4490; x_wconf 91' lang='lat' dir='ltr'><strong>populi</strong></span> <span class='ocrx_word' id='word_1_453' title='bbox 793 4421 827 4474; x_wconf 80' lang='lat' dir='ltr'><strong>a.</strong></span> <span class='ocrx_word' id='word_1_454' title='bbox 847 4436 905 4487; x_wconf 89' lang='lat' dir='ltr'><strong>pec.</strong></span> <span class='ocrx_word' id='word_1_455' title='bbox 926 4423 1143 4472; x_wconf 86' lang='lat' dir='ltr'><strong>commutaretur</strong></span> <span class='ocrx_word' id='word_1_456' title='bbox 1162 4421 1183 4472; x_wconf 72' lang='lat' dir='ltr'><em>S</em></span> <span class='ocrx_word' id='word_1_457' title='bbox 1199 4422 1208 4486; x_wconf 76' lang='lat' dir='ltr'><strong>ll</strong></span> <span class='ocrx_word' id='word_1_458' title='bbox 1229 4425 1271 4471; x_wconf 68' lang='lat'><strong>23,</strong></span> <span class='ocrx_word' id='word_1_459' title='bbox 1291 4423 1381 4471; x_wconf 89' lang='lat' dir='ltr'><strong>trans-</strong></span> 
     </span>
     <span class='ocr_line' id='line_1_41' title="bbox 96 4490 1380 4565; baseline -0.003 -18"><span class='ocrx_word' id='word_1_460' title='bbox 96 4490 233 4558; x_wconf 78' lang='lat' dir='ltr'><strong>padaniis</strong></span> <span class='ocrx_word' id='word_1_461' title='bbox 253 4493 275 4545; x_wconf 78' lang='lat' dir='ltr'><strong><em>S</em></strong></span> <span class='ocrx_word' id='word_1_462' title='bbox 294 4495 303 4560; x_wconf 85' lang='grc' dir='ltr'><strong>ΙΙ</strong></span> <span class='ocrx_word' id='word_1_463' title='bbox 327 4493 368 4545; x_wconf 89' lang='lat' dir='ltr'><strong>uti</strong></span> <span class='ocrx_word' id='word_1_464' title='bbox 388 4493 475 4565; x_wconf 74' lang='lat' dir='ltr'><strong>(me)</strong></span> <span class='ocrx_word' id='word_1_465' title='bbox 498 4510 561 4562; x_wconf 81' lang='lat' dir='ltr'><strong>neg.</strong></span> <span class='ocrx_word' id='word_1_466' title='bbox 581 4495 735 4547; x_wconf 79' lang='lat' dir='ltr'><strong>Lambinus</strong></span> <span class='ocrx_word' id='word_1_467' title='bbox 757 4496 766 4560; x_wconf 76' lang='lat' dir='ltr'><strong>ll</strong></span> <span class='ocrx_word' id='word_1_468' title='bbox 789 4491 874 4544; x_wconf 84' lang='lat' dir='ltr'><strong>etiam</strong></span> <span class='ocrx_word' id='word_1_469' title='bbox 895 4508 923 4542; x_wconf 85' lang='lat' dir='ltr'><strong>se</strong></span> <span class='ocrx_word' id='word_1_470' title='bbox 946 4491 1050 4558; x_wconf 91' lang='lat' dir='ltr'><strong>populo</strong></span> <span class='ocrx_word' id='word_1_471' title='bbox 1071 4492 1241 4559; x_wconf 67' lang='lat' dir='ltr'><strong>ll&#39;eseabery,</strong></span> <span class='ocrx_word' id='word_1_472' title='bbox 1265 4493 1380 4545; x_wconf 79' lang='lat' dir='ltr'><strong>iniuria.</strong></span> 
     </span>
     <span class='ocr_line' id='line_1_42' title="bbox 102 4563 1380 4634; baseline -0.005 -16"><span class='ocrx_word' id='word_1_473' title='bbox 102 4580 153 4618; x_wconf 77' lang='lat' dir='ltr'><strong>noa</strong></span> <span class='ocrx_word' id='word_1_474' title='bbox 173 4565 285 4617; x_wconf 73' lang='lat' dir='ltr'><strong>senatui</strong></span> <span class='ocrx_word' id='word_1_475' title='bbox 307 4565 394 4617; x_wconf 64' lang='lat' dir='ltr'><strong>sellim</strong></span> <span class='ocrx_word' id='word_1_476' title='bbox 416 4566 463 4617; x_wconf 80' lang='lat' dir='ltr'><strong>ced</strong></span> <span class='ocrx_word' id='word_1_477' title='bbox 486 4567 568 4618; x_wconf 78' lang='lat' dir='ltr'><strong>eliaca</strong></span> <span class='ocrx_word' id='word_1_478' title='bbox 590 4567 738 4634; x_wconf 80' lang='lat' dir='ltr'><strong>separatim</strong></span> <span class='ocrx_word' id='word_1_479' title='bbox 758 4564 862 4631; x_wconf 83' lang='lat' dir='ltr'><strong>populo</strong></span> <span class='ocrx_word' id='word_1_480' title='bbox 885 4564 913 4630; x_wconf 76' lang='lat' dir='ltr'><strong>(i.</strong></span> <span class='ocrx_word' id='word_1_481' title='bbox 933 4580 953 4614; x_wconf 84' lang='lat' dir='ltr'><strong>e.</strong></span> <span class='ocrx_word' id='word_1_482' title='bbox 973 4563 1128 4615; x_wconf 78' lang='lat' dir='ltr'><strong>cerasa-libas</strong></span> <span class='ocrx_word' id='word_1_483' title='bbox 1152 4568 1175 4613; x_wconf 83' lang='lat' dir='ltr'><strong>cl</strong></span> <span class='ocrx_word' id='word_1_484' title='bbox 1196 4563 1380 4630; x_wconf 81' lang='lat' dir='ltr'><strong>praetoribus)</strong></span> 
     </span>
     <span class='ocr_line' id='line_1_43' title="bbox 105 4633 1381 4703; baseline 0.001 -17"><span class='ocrx_word' id='word_1_485' title='bbox 105 4634 224 4689; x_wconf 80' lang='lat' dir='ltr'><strong>Bibulus</strong></span> <span class='ocrx_word' id='word_1_486' title='bbox 251 4637 397 4703; x_wconf 81' lang='lat' dir='ltr'><strong>scripserat</strong></span> <span class='ocrx_word' id='word_1_487' title='bbox 411 4659 419 4689; x_wconf 92' lang='lat'><em>:</em></span> <span class='ocrx_word' id='word_1_488' title='bbox 433 4638 464 4688; x_wconf 81' lang='lat' dir='ltr'><strong>ia</strong></span> <span class='ocrx_word' id='word_1_489' title='bbox 487 4636 530 4688; x_wconf 81' lang='lat' dir='ltr'><strong>bie</strong></span> <span class='ocrx_word' id='word_1_490' title='bbox 556 4637 655 4690; x_wconf 75' lang='lat' dir='ltr'><strong>litteris</strong></span> <span class='ocrx_word' id='word_1_491' title='bbox 679 4639 710 4689; x_wconf 82' lang='lat' dir='ltr'><strong>ia</strong></span> <span class='ocrx_word' id='word_1_492' title='bbox 735 4636 846 4703; x_wconf 79' lang='lat' dir='ltr'><strong>prcblico</strong></span> <span class='ocrx_word' id='word_1_493' title='bbox 873 4635 1022 4686; x_wconf 76' lang='lat' dir='ltr'><strong>recitandis</strong></span> <span class='ocrx_word' id='word_1_494' title='bbox 1051 4634 1095 4685; x_wconf 81' lang='lat' dir='ltr'><strong>ille</strong></span> <span class='ocrx_word' id='word_1_495' title='bbox 1122 4649 1178 4684; x_wconf 82' lang='lat' dir='ltr'><strong>aaa</strong></span> <span class='ocrx_word' id='word_1_496' title='bbox 1206 4633 1381 4687; x_wconf 70' lang='lat' dir='ltr'><strong>dubitaverat</strong></span> 
     </span>
     <span class='ocr_line' id='line_1_44' title="bbox 106 4696 1381 4775; baseline -0.001 -18"><span class='ocrx_word' id='word_1_497' title='bbox 106 4696 212 4772; x_wconf 73' lang='lat' dir='ltr'><strong>letiam,</strong></span> <span class='ocrx_word' id='word_1_498' title='bbox 242 4707 261 4758; x_wconf 80' lang='lat' dir='ltr'><strong>i.</strong></span> <span class='ocrx_word' id='word_1_499' title='bbox 280 4724 299 4759; x_wconf 87' lang='lat' dir='ltr'><strong>e.</strong></span> <span class='ocrx_word' id='word_1_500' title='bbox 327 4705 385 4771; x_wconf 85' lang='lat' dir='ltr'><strong>vel,</strong></span> <span class='ocrx_word' id='word_1_501' title='bbox 414 4705 518 4774; x_wconf 89' lang='lat' dir='ltr'><strong>populo</strong></span> <span class='ocrx_word' id='word_1_502' title='bbox 544 4706 651 4775; x_wconf 86' lang='lat' dir='ltr'><strong>scribit)</strong></span> <span class='ocrx_word' id='word_1_503' title='bbox 678 4708 814 4761; x_wconf 71' lang='lat' dir='ltr'><strong>Ciceronis</strong></span> <span class='ocrx_word' id='word_1_504' title='bbox 842 4706 968 4756; x_wconf 69' lang='lat' dir='ltr'><strong>creerilam</strong></span> <span class='ocrx_word' id='word_1_505' title='bbox 994 4721 1075 4756; x_wconf 75' lang='lat' dir='ltr'><strong>suam</strong></span> <span class='ocrx_word' id='word_1_506' title='bbox 1101 4704 1190 4768; x_wconf 72' lang='lat' dir='ltr'><strong>facere</strong></span> <span class='ocrx_word' id='word_1_507' title='bbox 1218 4718 1259 4760; x_wconf 87' lang='lat' dir='ltr'><strong>(sc</strong></span> <span class='ocrx_word' id='word_1_508' title='bbox 1285 4708 1381 4773; x_wconf 47' lang='lat' dir='ltr'><strong>renas}</strong></span> 
     </span>
     <span class='ocr_line' id='line_1_45' title="bbox 108 4775 1379 4847; baseline 0.002 -20"><span class='ocrx_word' id='word_1_509' title='bbox 108 4782 141 4831; x_wconf 78' lang='lat' dir='ltr'><strong>a.</strong></span> <span class='ocrx_word' id='word_1_510' title='bbox 160 4775 319 4830; x_wconf 85' lang='lat' dir='ltr'><strong>remississe</strong></span> <span class='ocrx_word' id='word_1_511' title='bbox 339 4778 376 4830; x_wconf 91' lang='lat' dir='ltr'><em>M</em></span> <span class='ocrx_word' id='word_1_512' title='bbox 399 4781 408 4847; x_wconf 82' lang='grc' dir='ltr'><strong>ΙΙ</strong></span> <span class='ocrx_word' id='word_1_513' title='bbox 435 4783 477 4831; x_wconf 75' lang='lat'><strong>25.</strong></span> <span class='ocrx_word' id='word_1_514' title='bbox 503 4794 565 4832; x_wconf 82' lang='lat' dir='ltr'><strong>aux.</strong></span> <span class='ocrx_word' id='word_1_515' title='bbox 590 4795 671 4845; x_wconf 79' lang='lat' dir='ltr'><strong>egere</strong></span> <span class='ocrx_word' id='word_1_516' title='bbox 695 4795 724 4830; x_wconf 87' lang='lat' dir='ltr'><strong>se</strong></span> <span class='ocrx_word' id='word_1_517' title='bbox 748 4775 840 4842; x_wconf 88' lang='lat' dir='ltr'><strong>inquit</strong></span> <span class='ocrx_word' id='word_1_518' title='bbox 859 4776 890 4841; x_wconf 77' lang='lat' dir='ltr'><strong>S,</strong></span> <span class='ocrx_word' id='word_1_519' title='bbox 918 4791 951 4826; x_wconf 85' lang='lat' dir='ltr'><strong>ar</strong></span> <span class='ocrx_word' id='word_1_520' title='bbox 976 4776 1184 4844; x_wconf 78' lang='lat' dir='ltr'><strong>interpolatione</strong></span> <span class='ocrx_word' id='word_1_521' title='bbox 1210 4779 1219 4844; x_wconf 75' lang='grc' dir='ltr'><strong>ΙΙ</strong></span> <span class='ocrx_word' id='word_1_522' title='bbox 1247 4781 1289 4831; x_wconf 71' lang='lat'><strong>⁸27.</strong></span> <span class='ocrx_word' id='word_1_523' title='bbox 1314 4777 1379 4844; x_wconf 86' lang='lat' dir='ltr'><strong>quia</strong></span> 
     </span>
     <span class='ocr_line' id='line_1_46' title="bbox 108 4850 194 4903; baseline 0 -1"><span class='ocrx_word' id='word_1_524' title='bbox 108 4850 194 4903; x_wconf 56' lang='lat' dir='ltr'><strong>aab</strong></span> 
     </span>
    </p>
   </div>
   <div class='ocr_carea' id='block_1_5' title="bbox 0 0 1648 5460">
    <p class='ocr_par' dir='ltr' id='par_1_7' title="bbox 0 0 1648 5460">
     <span class='ocr_line' id='line_1_47' title="bbox 0 0 1648 5460; baseline 0 0"><span class='ocrx_word' id='word_1_525' title='bbox 0 0 1648 5460; x_wconf 95' lang='lat' dir='ltr'><strong> </strong></span> 
     </span>
    </p>
   </div>
  </div>
 </body>
</html>
