3286 5460
647 398 684 456 M.
704 399 810 456 TVLLI
829 399 1018 456 CICERONIS

732 651 940 743 ruma

426 811 1243 881 mmfflwmfflwmmmu

162 999 175 1044 1
285 973 359 1038 Etsi
389 974 470 1039 mihi
498 979 573 1039 tuae
600 975 730 1040 litterae
762 974 1013 1040 iucundissimae
1041 979 1131 1060 sunt,
1161 979 1273 1039 tamen
1302 975 1469 1040 iucundius

196 1081 268 1158 fuit,
293 1082 377 1165 quod
401 1081 436 1144 in
459 1103 587 1146 summa
609 1082 822 1167 occupatione
845 1086 903 1146 tua
926 1081 1046 1147 Planco
1070 1082 1216 1168 collegae
1239 1082 1414 1164 mandasti,
1435 1087 1471 1146 ut

195 1191 228 1250 te
261 1187 342 1251 mihi
373 1210 432 1271 per
464 1189 592 1253 litteras
626 1194 808 1273 excusaret3
842 1189 928 1274 quod
959 1188 1038 1253 fecit
1074 1189 1130 1254 ille
1162 1189 1346 1275 diligenter.
1393 1188 1471 1253 mihi
1506 1216 1526 1256 a

196 1299 305 1359 autem
328 1294 410 1358 nihil
434 1295 608 1360 amabilius
632 1296 741 1362 officio
764 1300 821 1360 tuo
846 1300 879 1360 et
902 1295 1082 1381 diligentia.
1115 1296 1300 1361 coniunctio
1319 1300 1379 1360 tua
1401 1318 1472 1361 cum

197 1402 323 1486 collega
356 1401 591 1485 concordiaque
623 1407 750 1487 vestra,
783 1425 865 1488 quae
896 1402 1018 1467 litteris
1052 1404 1278 1468 communibus
1311 1401 1474 1468 declarata

162 1531 177 1578 2
197 1513 261 1593 est,
284 1508 413 1573 senatui
436 1507 621 1593 populoque
645 1509 793 1574 Romano
818 1508 1008 1592 gratissima
1033 1508 1159 1574 accidit.
1206 1509 1294 1594 quod
1317 1514 1473 1594 superest,

195 1636 308 1700 perge,
340 1614 385 1678 mi
416 1613 531 1697 Brute,
563 1619 597 1680 et
627 1615 692 1680 iam
723 1637 791 1681 nou
822 1638 895 1680 cum
927 1616 1018 1701 aliis,
1045 1617 1101 1681 sed
1134 1620 1242 1681 tecum
1273 1617 1345 1700 ipse
1377 1620 1474 1681 certa

196 1721 290 1804 plura
318 1721 458 1787 scribere
485 1743 553 1786 non
579 1722 695 1807 debeo,
721 1724 914 1807 praesertim
943 1723 983 1787 ad
1011 1728 1058 1808 tc,
1091 1746 1155 1808 quo
1183 1722 1345 1808 magistro
1373 1724 1473 1788 breri-
1488 1753 1513 1792 ro

196 1828 275 1892 tatis
299 1828 348 1893 uti
372 1827 491 1912 cogito.
532 1827 662 1894 litteras
686 1833 759 1895 tuas
783 1830 992 1894 vehementer
1013 1834 1165 1914 exspecto
1185 1830 1371 1914 etquidem
1389 1830 1473 1912 talis,

197 1934 302 2018 qualis
326 1936 466 1999 maxime
490 1939 578 2020 opto.
625 1936 705 2001 vale.

721 2130 947 2219 mamm

423 2289 1243 2358 nummoammomumsn.

166 2477 176 2524 1
286 2450 462 2538 Permagni
485 2453 635 2536 intereat,
659 2474 722 2536 quc
746 2451 809 2517 tibi
831 2452 911 2517 haec
935 2457 1081 2536 tempore
1105 2453 1245 2536 epistola
1270 2453 1400 2518 reddita
1423 2454 1474 2537 sit,
1485 2483 1508 2522 a

197 2563 308 2623 utrum
332 2581 406 2624 cum
429 2558 659 2623 sollicitudinis
683 2558 808 2643 aliquid
829 2558 976 2641 haberes,
995 2580 1038 2623 an
1057 2581 1130 2624 cum
1149 2559 1189 2624 ab
1210 2560 1300 2624 omni
1323 2560 1475 2626 molestia

197 2688 316 2730 vacuus
341 2688 442 2730 esses:
466 2666 576 2749 itaque
600 2666 630 2730 ei
653 2665 817 2749 praecepi,
842 2687 938 2749 quem
967 2665 1006 2729 ad
1030 2669 1063 2730 te
1094 2664 1183 2750 misi,
1205 2670 1243 2731 ut
1266 2670 1397 2751 tempus
1422 2669 1476 2732 cb

198 2777 342 2837 servaret
366 2772 524 2857 epistolae
552 2772 615 2837 tibi
642 2771 833 2836 reddendae:
859 2793 948 2850 nam,
972 2772 1243 2856 quemadmodum
1271 2795 1395 2859 coram,
1421 2773 1475 2858 qui

198 2879 238 2943 ad
260 2901 321 2943 uos
344 2878 573 2964 intempestive
596 2878 724 2962 adeunt,
744 2877 875 2943 molesti
900 2900 995 2963 saepe
1019 2882 1105 2964 sunt,
1124 2879 1171 2945 sic
1194 2879 1354 2963 epistolae
1378 2880 1477 2945 offen·

198 2986 279 3048 dunt
309 3008 376 3049 uon
407 2985 480 3050 loco
513 2985 672 3069 redditae,
704 2985 732 3049 si
762 2989 885 3068 autem,
913 2989 950 3048 ut
982 3006 1091 3069 spero,
1118 2986 1201 3050 nihil
1233 2990 1265 3051 te
1293 2987 1514 3071 perturbatas

197 3092 281 3155 nihil
303 3092 454 3177 impedit,
478 3097 511 3159 et
534 3093 603 3177 ille,
627 3090 679 3157 cui
701 3091 864 3175 mandavi,
888 3092 969 3156 satis
993 3092 1073 3156 scite
1097 3097 1131 3158 ct
1153 3093 1320 3158 commode
1344 3097 1476 3178 tempus

96 3248 99 3255 .
199 3199 239 3261 ad
263 3203 295 3263 te
320 3200 405 3285 cepit
434 3199 584 3284 adeundi,
608 3199 734 3263 confido
763 3221 829 3284 me,
851 3199 937 3283 quod
965 3198 1077 3283 velim,
1100 3198 1195 3265 facile
1219 3223 1238 3264 a
1261 3204 1294 3264 te
1322 3199 1478 3285 impetra·

164 3308 316 3375 uturum.
363 3304 399 3368 L.
429 3304 543 3370 Lamia
579 3309 766 3389 praeturam
798 3305 890 3388 petit.
936 3304 999 3371 hoc
1030 3326 1092 3391 ego
1122 3309 1199 3371 utor
1230 3328 1295 3371 unc
1329 3308 1478 3372 omnium

199 3411 389 3495 plurimum:
418 3433 538 3498 magna
560 3416 721 3496 uetustas,
744 3433 863 3496 magna
891 3412 1089 3477 consuetudo
1117 3412 1302 3496 intercedit,
1326 3413 1478 3499 quodque

197 3519 376 3602 plurimum
399 3520 494 3604 valet,
512 3518 595 3582 nihil
620 3518 701 3582 mihi
725 3518 793 3582 eius
817 3522 868 3582 est
890 3516 1116 3583 familiaritate
1138 3519 1319 3585 iucundius.
1355 3541 1477 3607 magno
1492 3549 1517 3590 ar

197 3607 371 3710 praeterea·
389 3627 545 3691 beneficio
570 3627 639 3690 eius
662 3646 845 3711 magnoque
869 3626 986 3690 merito
1010 3648 1082 3690 sum
1102 3625 1282 3711 obligatus,
1304 3649 1383 3693 nam
1403 3627 1478 3694 clo

198 3733 302 3797 dianis
327 3733 538 3817 temporibus,
558 3755 630 3797 cum
654 3733 814 3816 equestris
835 3733 957 3797 ordinis
976 3732 1127 3816 princeps
1146 3736 1232 3797 esset
1253 3754 1378 3817 proque
1403 3758 1479 3801 mea

199 3839 303 3904 salute
328 3862 492 3904 acerrume
516 3843 748 3923 propugnaret,
767 3861 786 3902 a
806 3839 945 3904 Gabinio
970 3840 1101 3904 consule
1120 3839 1285 3925 relegatus
1308 3843 1369 3925 est,
1387 3843 1477 3926 quod

199 3949 273 4010 ante
306 3947 339 4009 id
372 3951 500 4030 tempus
531 3946 593 4009 civi
622 3944 771 4010 Romano
800 3945 923 4010 Romae
956 3947 1098 4032 contigit
1130 3946 1258 4039 nemini.
1305 3947 1368 4013 hoc
1402 3970 1477 4013 cum

199 4054 339 4136 populus
362 4052 530 4117 Romanus
554 4053 713 4138 meminit,
738 4053 921 4136 meipsum
943 4074 1009 4118 non
1033 4054 1219 4119 meminisse
1247 4054 1517 4137 turpissimumao

289 4286 313 4334 3.
332 4280 550 4335 iocundissimae
569 4300 590 4336 s.
607 4284 627 4336 t.
646 4281 794 4336 iocundius
813 4282 851 4335 Μ
861 4284 869 4350 ΙΙ
884 4286 907 4336 5.
928 4284 1089 4337 excusserat
1101 4284 1140 4337 M
1149 4285 1158 4352 {l
1172 4283 1247 4351 quod
1261 4281 1311 4338 ille
1325 4283 1480 4354 diligenter

199 4351 266 4405 fecit
278 4353 304 4404 H
314 4367 321 4412 l
333 4358 405 4406 a.10.
414 4352 482 4421 ipse.
498 4354 572 4406 certe
580 4351 729 4421 pluraHD
738 4378 747 4418 e:
757 4359 847 4408 lala.
858 4353 951 4421 qualis
961 4353 1028 4407 talis
1037 4354 1221 4408 maximaaM
1228 4359 1234 4410 t
1247 4362 1287 4409 12.
1296 4354 1360 4409 vale
1370 4356 1480 4427 omMil

201 4428 240 4476 17.
262 4423 288 4477 ei
302 4424 344 4489 M,
364 4425 393 4477 et
407 4424 468 4477 HD
481 4427 489 4493 lt
506 4430 547 4480 19.
558 4429 600 4479 20.
621 4424 660 4478 sic
676 4423 821 4478 offendunt
834 4424 971 4493 epistolae
986 4425 1020 4478 H
1030 4427 1096 4493 [123.
1116 4426 1146 4481 L.
1160 4425 1270 4498 Lamia]
1290 4427 1324 4493 cf.
1340 4428 1381 4481 M.
1395 4429 1480 4483 Haut

201 4495 275 4561 ‘fast
290 4495 391 4564 praet?
409 4514 438 4564 p.
454 4501 487 4548 89
511 4500 520 4559 ΙΙ
543 4501 585 4550 25.
605 4495 665 4549 eius
684 4498 728 4549 est
745 4497 791 4562 M,
820 4497 864 4550 est
886 4495 946 4549 cius
965 4496 1027 4550 HD
1048 4501 1057 4565 ΙΙ
1080 4503 1123 4551 27.
1147 4514 1251 4566 proque
1275 4513 1340 4550 mea
1358 4498 1405 4566 M,
1428 4515 1478 4567 pro

200 4582 318 4634 meaque
342 4566 409 4621 HD.
443 4569 477 4630 cf.
501 4568 592 4633 Riaqe
618 4569 650 4623 ‘a
670 4568 911 4637 Sprocbpebraacb
933 4569 959 4622 d.
983 4568 1094 4622 ansar’
1119 4570 1224 4639 (propr.
1250 4569 1374 4639 Gottiup.
1399 4574 1480 4636 1880)

196 4655 225 4704 p.
241 4640 354 4705 201128.
370 4638 502 4691 acerrime
518 4639 601 4707 HDlt
616 4656 633 4692 a
651 4637 767 4719 gabinio
787 4639 932 4692 consulare
952 4637 1058 4709 ligatus
1077 4638 1153 4705 ΜΗ,
1172 4656 1190 4692 a
1207 4638 1313 4708 gabino
1333 4640 1481 4694 consulare

200 4705 311 4774 legatus
330 4707 360 4760 D
382 4711 390 4776 tl
414 4710 450 4762 ab
470 4709 546 4781 <Α.>
566 4709 686 4763 Gabimo
710 4710 870 4779 Wesenberq
892 4713 901 4776 l
925 4715 966 4763 29.
986 4710 1093 4764 Romae
1109 4712 1160 4765 del.
1179 4712 1231 4764 alii
1253 4713 1262 4779 ΙΙ
1284 4710 1392 4763 nemini
1410 4712 1481 4777 HD,

201 4777 314 4901 rnenlrlini
330 4779 385 4903 Mdll
400 4786 442 4834 30.
456 4780 585 4833 meminit
599 4781 667 4848 HD,
686 4779 802 4833 memini
817 4781 858 4848 M,
877 4780 1037 4835 meminerit
1050 4799 1074 4839 ς.
1101 4784 1135 4849 cs.
1153 4782 1179 4836 0.
1198 4782 1234 4836 1⁴¹.
1245 4783 1289 4836 W.
1304 4782 1410 4837 Mailler
1426 4783 1480 4839 Cic.

201 4865 243 4917 op.
285 4854 322 4917 ,2
342 4868 359 4903 α
394 4868 423 4918 p.
441 4856 531 4918 150,8
