3286 5460
494 378 752 433 uersrvnluvm
771 379 842 434 xnl.
863 385 905 434 ca.
926 385 967 434 ro.
988 386 1030 434 τι.
1051 384 1091 434 :a
1113 385 1155 435 :a
1397 380 1461 444 381

182 539 370 605 domesticis
394 545 428 605 et
452 542 593 606 maxime
616 543 816 607 necessariis.
858 546 1047 628 pergratum
1075 542 1156 606 mihi
1180 541 1309 628 feceris,
1337 543 1365 607 si
1389 565 1463 608 eum

181 645 231 711 ita
253 647 421 733 tractaris,
449 650 489 712 ut
513 647 684 735 intellegat
711 648 795 714 hanc
823 649 1136 715 commendationem
1165 649 1227 714 sibi
1256 671 1375 735 magno
1403 672 1463 714 usu

186 756 286 838 atque
310 754 497 819 adiumento
520 753 629 821 fuisse.

689 878 821 945 nxxrr.
854 878 957 967 (aas.)

158 1058 171 1097 a
410 1037 454 1102 u.
473 1035 633 1104 cronno
657 1039 692 1104 e.
716 1038 921 1105 sanmuro
946 1038 1180 1106 oonnncln
1205 1040 1236 1106 s.

274 1195 461 1284 Caerelliae,
478 1199 679 1264 necessariae
694 1221 793 1283 meae,
809 1223 885 1282 rem,
902 1200 1044 1285 nomina,
1062 1200 1284 1284 possessiones
1299 1199 1463 1264 Asiaticas
1485 1218 1496 1265 1

183 1304 408 1370 commendavi
432 1305 494 1369 tibi
517 1328 671 1389 praesens
694 1306 726 1370 in
751 1306 857 1371 hortis
881 1307 947 1372 tuis
971 1330 1068 1392 quam
1091 1307 1184 1391 potui
1206 1306 1463 1392 diligentissime,

183 1414 285 1494 tuque
319 1410 400 1475 mihi
432 1433 492 1495 pro
525 1416 582 1475 tua
621 1412 852 1477 consuetudine
888 1435 1012 1497 proque
1050 1413 1114 1477 tuis
1147 1413 1182 1477 in
1213 1435 1265 1477 me
1296 1410 1463 1496 perpetuis

184 1517 400 1601 maximisque
424 1517 541 1584 officiis
565 1518 674 1583 omnia
701 1521 733 1582 te
762 1517 925 1584 facturum
952 1518 1179 1585 liberalissime
1207 1516 1372 1602 recepisti:
1400 1540 1464 1582 me·

145 1645 171 1683 ro
184 1623 318 1689 minisse
341 1629 374 1689 te
397 1623 430 1689 id
454 1646 549 1709 spero
572 1662 617 1671 —
641 1625 707 1689 scio
731 1624 818 1689 enim
847 1627 949 1690 solere
975 1652 1030 1712 -3
1063 1625 1118 1690 sed
1147 1629 1256 1690 temen
1284 1622 1460 1691 Caerelliae

183 1734 412 1815 procuratores
436 1731 637 1817 scripserunt
660 1735 692 1796 te
715 1734 849 1816 propter
872 1732 1130 1818 magnitudinem
1148 1731 1334 1815 provinciae
1354 1730 1461 1795 multi·

184 1837 393 1922 tudinemque
416 1838 623 1924 negotiorum
647 1837 746 1902 etiam
770 1843 868 1924 atque
892 1839 991 1903 etiam
1010 1860 1081 1903 esse
1100 1837 1459 1903 commonefaciendum.

184 1948 262 2028 pcto
286 1944 397 2027 igitur,
421 1948 459 2008 ut
482 1944 666 2009 memineris
691 1949 723 2008 te
747 1944 866 2028 omnia,
893 1967 974 2028 quae
998 1949 1056 2010 tua
1078 1945 1158 2009 fides
1182 1948 1356 2029 pateretur,
1379 1944 1460 2007 mihi
1479 1962 1495 2008 a

187 2050 352 2115 cumulate
376 2050 542 2135 recepisse.
585 2052 733 2134 equidem
760 2052 910 2116 existimo
941 2051 1059 2116 habere
1087 2055 1120 2115 te
1147 2071 1297 2136 magnam
1328 2049 1461 2114 faculta

148 2162 253 2222 atem
274 2193 313 2204 —
335 2157 391 2222 sed
413 2157 476 2222 hoc
499 2157 549 2222 tui
572 2162 623 2222 est
646 2157 774 2222 consilii
801 2161 834 2223 et
860 2157 971 2223 iudicii
995 2195 1037 2204 -
1061 2180 1100 2222 ex
1128 2179 1165 2222 eo
1194 2180 1217 2222 s.
1242 2178 1280 2238 c.,
1312 2157 1398 2241 quod
1426 2157 1460 2219 in

182 2263 320 2329 heredes
339 2260 372 2329 C.
393 2262 556 2329 Vennonii
579 2263 703 2329 factum
726 2268 787 2350 est,
810 2262 986 2330 Caerelliae
1010 2263 1247 2329 commodandi:
1271 2263 1304 2327 id
1328 2267 1460 2327 senatus

183 2370 371 2435 consultum
390 2373 427 2434 tu
446 2370 701 2454 interpretabere
719 2393 778 2455 pro
799 2375 856 2434 tua
875 2370 1048 2455 sapientia3
1066 2371 1134 2435 scio
1149 2370 1236 2434 enim
1250 2368 1318 2433 eius
1338 2369 1460 2434 ordinis

184 2476 414 2541 auctoritatem
439 2498 566 2561 semper
589 2480 668 2560 aput
690 2481 723 2542 te
747 2477 858 2562 magni
881 2477 990 2542 fuisse.
1032 2477 1118 2561 quod
1142 2476 1299 2540 relicuum
1322 2479 1385 2559 est,
1413 2476 1460 2541 sic

184 2581 283 2646 velim
319 2582 498 2668 existimes,
536 2584 792 2667 quibuscumque
827 2583 924 2648 rebus
957 2581 1132 2649 Caerelliae
1164 2582 1303 2668 benigne
1336 2582 1461 2668 feceris,

146 2703 170 2746 ὀ
184 2688 267 2753 mihi
292 2693 325 2755 te
349 2690 574 2775 gratissimum
597 2712 667 2756 esse
690 2690 859 2756 facturum.

691 2919 839 2984 nxxrn.
872 2920 953 3005 (15.)

440 3079 484 3144 u.
504 3078 664 3145 cronno
688 3079 723 3156 o.
744 3078 949 3145 Pnnieeo
972 3077 1148 3145 Paooos.
1173 3078 1203 3145 a.

272 3237 428 3305 Gratulor
451 3241 526 3318 tibi,
557 3241 642 3323 quod
667 3263 705 3305 ex
727 3241 893 3325 provincia
917 3241 1042 3305 salvum
1066 3244 1098 3304 te
1127 3240 1167 3304 ad
1195 3243 1269 3305 tuos
1299 3238 1459 3324 recepisti,
1479 3256 1493 3303 1

182 3343 338 3409 incolumi
361 3344 449 3433 fama
472 3350 505 3409 et
525 3368 559 3410 re
578 3370 608 3430 p.
650 3347 736 3432 quod
756 3347 784 3411 si
803 3346 925 3412 Romae
944 3348 1088 3431 fuissem,
1111 3351 1143 3411 te
1162 3346 1315 3411 vidissem
1337 3368 1459 3411 coram-

138 3473 167 3515 ss
182 3471 245 3534 que
269 3450 392 3536 gratias
416 3451 568 3540 egissem,
600 3453 685 3536 quod
709 3453 770 3516 tibi
793 3451 827 3516 L.
847 3453 1023 3538 Egnatius,
1051 3452 1327 3517 familiarissimus
1357 3473 1457 3534 meus,

182 3579 314 3642 apsens,
342 3556 378 3620 L.
398 3556 521 3642 Oppius
549 3580 701 3642 praesens
730 3581 824 3623 curae
852 3560 977 3623 fuisset.
1020 3581 1092 3623 cum
1116 3557 1292 3642 Antipatro
1316 3557 1493 3621 Derbetea

180 3663 263 3727 mihi
285 3685 352 3728 non
375 3665 480 3729 solum
503 3665 694 3749 hospitium,
716 3686 827 3729 verum
852 3666 950 3729 etiam
974 3687 1101 3729 summa
1123 3664 1330 3728 familiaritas
1354 3663 1454 3727 inter-

183 3770 280 3836 cedit:
313 3771 342 3834 ei
371 3775 403 3834 te
431 3776 597 3836 vementer
630 3772 848 3836 suscensuisse
877 3771 984 3836 audivi
1012 3774 1046 3834 et
1077 3772 1213 3835 moleste
1243 3770 1314 3834 tuli.
1357 3770 1395 3833 de
1425 3791 1459 3832 re

180 3877 263 3941 nihil
288 3897 421 3960 possum
444 3878 600 3961 iudicare,
625 3878 689 3942 nisi
713 3878 792 3942 illud
816 3878 896 3942 mihi
919 3878 1110 3962 persuadeo,
1138 3881 1184 3961 te,
1213 3877 1312 3941 talem
1341 3876 1460 3962 virum,

138 3983 262 4048 <anihil
287 3986 408 4048 temere
431 3983 560 4070 fecisse,
587 3984 648 4068 <a>
672 3987 704 4048 te
728 3988 837 4049 autem
860 4007 919 4068 pro
943 3988 1051 4048 vetere
1078 3988 1191 4047 nostra
1218 3982 1456 4049 necessitudine

179 4090 282 4155 etiam
305 4093 403 4173 atque
428 4091 527 4154 etiarn
550 4095 640 4174 peto,
668 4090 796 4154 ateius
824 4090 923 4176 filios,
951 4090 1006 4174 qui
1033 4089 1068 4153 in
1095 4093 1153 4153 tua
1180 4093 1344 4174 potestate
1374 4093 1459 4171 sunt,

176 4197 262 4262 mihi
296 4196 506 4280 potissimum
538 4197 717 4279 condones,
750 4197 812 4259 nisi
846 4197 922 4281 quid
955 4197 1123 4261 existimas
1154 4196 1187 4260 in
1216 4218 1253 4260 ea
1281 4218 1314 4260 re
1343 4194 1460 4260 violari

272 4394 296 4442 2.
317 4394 341 4442 3.
362 4387 417 4442 sibi
436 4405 538 4457 magno
563 4406 614 4441 usu
634 4387 708 4454 (usui
727 4389 788 4456 M0)
812 4390 896 4457 atque
915 4389 961 4455 M,
990 4387 1044 4442 sibi
1068 4405 1120 4441 usu
1145 4405 1247 4457 magno
1272 4389 1356 4455 atque
1377 4387 1437 4441 HD
1452 4388 1459 4402 '¹

170 4462 205 4516 9.
224 4462 255 4512 te
275 4475 336 4513 essa
354 4459 495 4513 facturum
515 4461 544 4512 H
558 4461 623 4526 1110,
643 4461 670 4512 te
690 4459 719 4512 id
738 4459 780 4522 M,
799 4458 829 4511 id
848 4462 876 4512 to
896 4459 979 4527 ΙΙΙ)11
995 4465 1034 4514 14.
1055 4463 1082 4512 te
1101 4458 1206 4512 habere
1226 4458 1334 4526 111115.
1354 4458 1459 4526 hocD,

162 4525 237 4584 hac
256 4530 323 4584 ΜΗ
342 4532 351 4598 11
376 4536 416 4585 16.
436 4530 463 4584 C.
484 4548 533 4584 orrr.
554 4530 588 4583 H
597 4530 841 4653 {boommendandi
862 4533 893 4582 Ψ
910 4533 919 4599 11
944 4536 985 4585 18.
1005 4529 1144 4596 reliquum
1163 4529 1224 4582 HD
1246 4533 1255 4599 11
1279 4535 1319 4583 19.
1339 4528 1460 4598 benigne

165 4599 282 4654 feceris
301 4602 347 4669 M,
375 4601 545 4655 benefeceris
566 4602 597 4654 H
652 4604 661 4668 11
689 4606 731 4655 20.
750 4600 898 4655 facturum.
934 4599 999 4653 uale
1017 4602 1047 4655 D
1074 4605 1083 4666 11
1111 4607 1153 4654 22.
1175 4600 1285 4654 Procos.
1310 4607 1461 4669 suspectum

163 4669 323 4726 Menoec.
355 4675 390 4737 cs.
406 4673 490 4726 Hdlal
510 4673 584 4736 ‘sust
595 4672 695 4740 praet?
713 4689 742 4739 p.
759 4673 871 4741 941124.
890 4671 1006 4725 fuissem
1020 4671 1089 4736 HD,
1107 4687 1157 4726 om.
1173 4672 1284 4739 Μ1127.
1300 4687 1355 4725 non
1370 4670 1460 4725 solum

163 4738 257 4793 mihi
270 4739 421 4810 hospitium
441 4743 475 4796 Η
485 4747 494 4813 1
508 4750 551 4799 28.
566 4743 746 4796 uehementer
759 4741 820 4796 HD
833 4745 843 4812 11
857 4748 898 4796 29.
914 4741 981 4812 nisi]
996 4741 1051 4795 nisi
1065 4741 1183 4868 qquod>
1197 4743 1310 4798 Errasti
1323 4745 1332 4813 1
1346 4747 1388 4798 30.
1403 4756 1421 4797 a
1435 4758 1459 4812 ς,

165 4827 240 4865 oni.
260 4812 295 4878 Ψ,
312 4830 359 4867 uec
378 4821 468 4869 tonan
486 4815 594 4870 videtur
612 4815 701 4869 abesse
715 4828 804 4883 posce,
822 4820 853 4869 ut
871 4812 918 4881 IX,
937 4818 962 4880 9,
982 4819 998 4866 2
1018 4813 1076 4881 (Do
1106 4813 1142 4883 t.)
