3314 5460
195 400 260 465 360
647 402 683 455 Μ.
704 401 809 456 TVLLI
830 400 1020 457 CICERONIS

195 568 312 650 sponte
336 565 475 630 amicum
498 564 764 632 Lacedaemoniis
789 571 822 631 et
846 588 916 632 esse
940 571 973 632 ct
996 567 1074 632 lore.
1118 548 1217 653 quare
1248 571 1381 633 tantum
1407 591 1429 634 a
1452 573 1486 634 te

195 676 286 757 peto,
310 677 360 757 ut,
385 695 483 757 quom
507 697 545 738 ea
568 674 666 738 facies
691 673 1022 740 Lacedaemoniorum
1050 697 1161 754 causa,
1192 698 1275 761 quae
1304 681 1363 740 tua
1393 676 1488 759 fides,

196 780 390 865 amplitudo,
417 781 545 848 iustitia
568 781 729 866 postulat,
758 786 795 847 ut
819 783 881 867 eis,
910 782 938 847 si
962 783 1024 848 tibi
1047 782 1224 869 videbitur,
1252 783 1422 869 significes
1449 789 1485 848 te

197 909 263 951 non
285 888 422 952 moleste
451 889 548 974 ferre,
581 889 667 975 quod
695 889 869 977 intellegas
898 913 949 977 ea,
982 913 1064 975 quae
1091 890 1207 976 facias,
1238 890 1320 955 mihi
1349 912 1486 975 quoque

197 998 293 1079 grata
317 1018 401 1080 esse,
432 997 576 1081 pertinet
599 998 686 1062 enirn
709 998 749 1062 ad
774 998 918 1063 officium
946 1021 1055 1064 meum
1083 1020 1138 1064 eos
1166 999 1356 1064 existimare
1388 1020 1487 1064 curae
1515 1017 1528 1058 a

199 1102 280 1167 mihi
304 1125 379 1168 suas
403 1126 455 1169 res
479 1127 563 1170 esse:
586 1105 648 1171 hoc
673 1111 705 1171 te
729 1111 895 1171 vementer
919 1107 1019 1172 etiam
1043 1112 1141 1191 atque
1165 1106 1265 1172 etiam
1288 1127 1384 1192 rogo.

710 1317 829 1384 nxrx.
862 1317 967 1407 (ras.)
1069 1339 1070 1344 κ

572 1479 616 1545 n.
635 1478 793 1546 crosso
819 1479 854 1545 n.
874 1478 1048 1546 eunuco
1075 1478 1106 1546 s.

166 1660 177 1708 1
288 1641 364 1707 Non
396 1641 524 1727 dubito,
557 1642 636 1727 quin
669 1642 751 1706 scias
784 1642 817 1706 in
846 1640 892 1706 eis
920 1641 1126 1726 necessariiS,
1159 1643 1216 1727 qui
1249 1644 1311 1708 tibi
1341 1668 1362 1709 a
1391 1650 1487 1730 patre

199 1749 304 1813 relicti
328 1748 404 1833 sint,
428 1771 478 1825 me
502 1748 564 1814 tibi
587 1771 657 1814 esse
682 1749 731 1813 vel
757 1747 1069 1833 coniunctissimum,
1091 1771 1158 1814 uon
1177 1750 1224 1815 eis
1242 1753 1342 1817 modo
1368 1753 1489 1839 ceasia,
1502 1773 1527 1811 ιο

200 1879 281 1942 quae
310 1857 451 1942 speciem
478 1856 621 1921 habeant
648 1876 784 1941 magnae
813 1856 1064 1941 coniunctionis,
1095 1857 1150 1921 sed
1179 1858 1225 1922 eis
1253 1859 1372 1944 etiam,
1404 1882 1488 1944 quae

200 1961 423 2027 familiaritate
447 1966 481 2026 et
504 1963 736 2028 consuetudine
766 1966 931 2047 tenentur,
963 1985 1060 2047 quam
1089 1964 1153 2029 scis
1181 1965 1262 2029 mihi
1291 1964 1487 2031 iucundissi-

200 2093 287 2135 mam
311 2092 385 2135 cum
408 2073 500 2154 patre
525 2073 582 2134 tuo
607 2074 640 2134 et
663 2091 824 2134 summam
847 2068 963 2154 fuisse3
986 2070 1027 2134 ab
1051 2069 1103 2135 his
1127 2070 1231 2136 initiis
1254 2076 1371 2137 noster
1395 2073 1486 2137 inte

200 2200 292 2243 amor
314 2176 480 2262 profectus
504 2176 595 2241 auxit
622 2181 792 2260 paternam
819 2176 1093 2242 necessitudinem
1121 2182 1154 2244 et
1181 2201 1219 2244 eo
1248 2180 1372 2266 magis,
1400 2180 1486 2264 quod

200 2285 361 2370 intellexi,
384 2288 422 2350 ut
444 2285 586 2370 primum
610 2307 668 2369 per
691 2288 832 2349 aetatem
860 2284 1016 2350 iudicium
1044 2285 1150 2351 facere
1178 2287 1342 2372 potueris,
1371 2287 1485 2371 quanti
1499 2308 1522 2347 rs

202 2393 338 2478 quisquc
362 2392 425 2457 tibi
448 2392 614 2459 faciendus
638 2397 733 2477 esset,
756 2415 807 2457 me
831 2414 850 2455 a
873 2396 906 2456 tc
928 2392 1095 2478 inprimis
1114 2397 1265 2479 coeptum
1285 2416 1358 2460 esse
1379 2415 1485 2480 opser-

203 2500 281 2579 vari
305 2500 379 2586 coli,
401 2500 509 2586 diligi,
532 2500 706 2566 accedebat
727 2522 795 2565 non
818 2498 979 2565 mediocre
1002 2500 1168 2566 vinculum
1192 2523 1266 2566 cum
1290 2501 1484 2586 studiorum,

203 2608 289 2692 quod
322 2607 431 2691 iprum
464 2611 513 2672 est
545 2631 603 2692 per
632 2630 665 2673 se
698 2628 810 2692 grave,
842 2611 913 2686 tum
946 2629 1058 2672 eorum
1091 2608 1275 2673 studiorum
1309 2631 1484 2694 earumque

203 2715 336 2798 artium,
368 2736 449 2798 quae
478 2737 536 2798 per
560 2736 593 2778 se
622 2714 711 2798 ipsae
739 2735 808 2798 eos,
840 2714 896 2798 qui
923 2714 1092 2780 voluntate
1121 2715 1232 2780 eadem
1260 2720 1354 2802 suut,
1387 2716 1484 2782 etiam

167 2821 427 2890 ‘rfamiliaritate
460 2821 654 2887 devinciunt.
701 2826 888 2906 exspectare
921 2826 954 2886 tc
983 2822 1140 2906 arbitror,
1170 2822 1251 2888 haec
1284 2828 1356 2889 tam
1390 2824 1529 2910 longera·

202 2930 341 3014 repetita
364 2928 523 3013 principia
547 2951 611 3013 quo
635 2933 797 3014 spectent:
827 2928 860 2993 id
882 2929 1025 3014 primunr
1049 2952 1127 3016 ergo
1155 2930 1291 3015 habeto,
1320 2953 1390 2997 non
1417 2930 1485 2995 sine

203 3057 322 3121 magna
350 3035 500 3120 iustaque
529 3058 626 3102 causa
653 3037 737 3101 hanc
762 3059 780 3100 a
804 3058 855 3101 mc
883 3037 1227 3103 commemorationem
1255 3059 1328 3102 esse
1357 3037 1484 3105 factam.

204 3139 237 3205 C.
258 3141 355 3237 Ateio
380 3140 539 3226 Capitone
567 3147 643 3208 utor
671 3142 934 3208 familiarissime.
985 3150 1082 3210 notae
1110 3145 1173 3210 tibi
1203 3149 1281 3209 sunt
1308 3145 1484 3211 varietates

205 3270 351 3313 meorum
371 3253 568 3333 temporum:
588 3252 621 3315 in
641 3249 729 3316 omni
749 3272 865 3337 genere
885 3255 918 3316 et
936 3251 1096 3317 honorum
1117 3257 1150 3316 et
1168 3250 1321 3316 laborum
1342 3274 1484 3317 meorum

204 3360 237 3420 et
265 3355 392 3420 animus
421 3361 454 3420 et
482 3379 581 3441 opera
608 3362 641 3422 et
669 3357 847 3424 auctoritas
880 3363 914 3423 et
941 3358 1062 3445 gratia,
1096 3359 1195 3424 etiam
1227 3380 1280 3423 res
1313 3358 1484 3424 familiaris
1497 3375 1529 3418 aar

204 3461 239 3528 C.
259 3462 429 3548 Capitonis
453 3467 584 3548 praesto
608 3464 672 3528 fuit
695 3469 728 3529 et
751 3464 861 3549 paruit
884 3467 918 3529 et
940 3465 1143 3549 temporibus
1163 3470 1196 3530 et
1215 3465 1369 3532 fortunae
1389 3488 1485 3537 meaa.

168 3569 300 3644 abuius
324 3570 526 3656 propinquus
549 3570 613 3635 fuit
636 3571 671 3636 T.
690 3570 870 3656 Antistius,
899 3571 954 3656 qui
983 3593 1057 3636 oum
1084 3577 1173 3637 sorte
1203 3577 1362 3657 quaestor
1384 3573 1484 3639 Mace

204 3677 334 3742 doniam
358 3676 520 3762 optineret
543 3700 646 3764 neque
670 3679 699 3743 ei
724 3700 908 3743 successum
934 3682 1033 3760 esset,
1061 3679 1236 3764 Pompeius
1261 3680 1296 3744 in
1320 3703 1394 3745 eam
1417 3702 1484 3765 pro·

204 3783 343 3848 vinciam
367 3806 441 3849 oum
465 3786 608 3850 exercitu
631 3785 729 3850 venit.
770 3784 875 3849 facere
899 3783 1064 3850 Antistius
1088 3784 1172 3850 nihil
1194 3786 1320 3870 potuit3
1344 3809 1437 3871 nam,
1458 3785 1484 3850 si

204 3891 378 3975 potuisset,
409 3890 490 3955 nihil
514 3893 543 3956 ei
568 3892 686 3956 fuisset
708 3892 875 3976 antiquius
900 3914 998 3977 quam
1022 3893 1061 3956 ad
1086 3890 1293 3977 Capitonem,
1324 3915 1422 3977 quem
1450 3897 1515 3957 uta

204 4004 372 4081 parentem
405 3998 578 4085 diligebat,
615 4001 747 4084 reverti,
783 3998 976 4084 praesertim
1009 3999 1126 4083 (oum)
1160 3999 1273 4085 sciret,
1311 4000 1429 4085 quanti
1459 3999 1486 4063 is

204 4102 376 4169 Caesarem
400 4105 521 4171 faceret
544 4128 734 4191 semperque
758 4105 902 4190 fecisset,
935 4105 990 4170 sed
1015 4127 1190 4190 oppressus
1218 4109 1350 4171 tantum
1374 4106 1487 4192 attigit

293 4304 315 4352 2.
346 4302 378 4352 ut
403 4316 487 4368 quam
516 4302 590 4368 (oum
614 4302 640 4368 ς)
670 4315 703 4353 αα
730 4298 817 4354 facies
841 4300 887 4366 M,
916 4301 948 4352 ut
975 4316 1010 4353 ea
1037 4298 1126 4354 facias
1150 4301 1193 4369 (cx
1216 4297 1305 4352 facies
1325 4298 1382 4370 Hl)
1407 4299 1513 4355 HD..

194 4377 228 4425 ’3,
247 4370 385 4442 postulat]
404 4369 563 4440 postulabit
581 4372 740 4442 Wesenberp
754 4373 763 4440 ΙΙ
777 4371 829 4443 eis]
849 4371 893 4425 his
915 4373 951 4440 Ψ,
970 4370 1005 4424 iis
1027 4371 1112 4426 Orelli
1129 4373 1139 4440 11
1157 4375 1182 4426 6,
1201 4369 1386 4425 uehementer
1406 4371 1467 4426 HD

204 4449 227 4496 9.
250 4449 290 4497 10.
312 4448 353 4495 11.
374 4441 425 4514 eis]
445 4442 489 4495 his
511 4446 547 4510 Ψ,
566 4441 602 4495 iis
622 4461 637 4501 ς
655 4445 665 4510 ss
685 4446 725 4497 10.
747 4442 804 4496 sint
822 4443 898 4512 MD,
919 4443 985 4496 sunt
1003 4442 1034 4496 Η
1051 4444 1060 4512 ΙΙ
1081 4448 1121 4496 11.
1141 4441 1269 4496 habeant
1287 4484 1293 4496 .
1310 4485 1317 4497 .
1335 4486 1364 4498 ..
1386 4447 1430 4498 12.
1448 4445 1486 4496 te

202 4514 316 4584 nentur]
336 4514 442 4568 habent
461 4559 466 4569 .
484 4559 489 4569 .
506 4559 511 4570 .
529 4560 533 4568 .
553 4517 684 4567 tenentur
703 4522 752 4568 oret
771 4514 896 4567 habeant
910 4558 915 4568 .
929 4558 933 4567 .
946 4558 952 4567 .
965 4559 970 4569 .
985 4515 1135 4568 teneantur
1148 4515 1208 4568 olii.
1236 4512 1348 4567 habent
1361 4513 1486 4583 aliquam

206 4629 277 4640 ....
296 4587 428 4640 tenentur
446 4587 604 4641 darbituntcr
623 4586 660 4640 H.
677 4587 712 4641 A.
729 4586 806 4640 Kocb
825 4587 940 4655 (Pauor.
961 4586 1030 4639 Aser.
1049 4584 1075 4638 V
1090 4602 1119 4654 p.
1136 4587 1207 4651 161).
1234 4586 1278 4638 nil
1300 4587 1466 4641 mutandum
1479 4613 1488 4650 ι,

206 4663 246 4711 13.
266 4656 387 4729 initiisj‘l
409 4659 516 4726 noster,
543 4676 597 4712 rus.
623 4664 637 4710 2
658 4660 724 4723 litt,
748 4659 784 4709 M
807 4658 816 4725 ΙΙ
845 4663 885 4710 13.
907 4663 947 4710 14.
972 4656 1002 4709 iu
1025 4659 1053 4710 te
1077 4673 1156 4710 amor
1173 4656 1215 4723 M,
1245 4672 1327 4709 amor
1350 4657 1382 4710 in
1404 4660 1433 4711 te
1452 4656 1489 4724 D,

206 4745 283 4781 amor
304 4730 334 4781 ll
354 4731 364 4797 l
388 4735 429 4785 16.
449 4728 502 4783 tibi
521 4729 639 4798 quisque
658 4729 688 4783 D
706 4731 715 4798 ll
735 4735 774 4783 17.
796 4727 849 4782 coli
869 4727 938 4795 HD,
958 4745 989 4782 co
1013 4728 1018 4738 '
1040 4729 1077 4782 M
1091 4732 1100 4796 ΙΙ
1120 4733 1160 4782 18.
1180 4742 1230 4797 per
1248 4744 1277 4782 sa
1298 4730 1345 4782 eat
1362 4728 1491 4797 Dltum

206 4799 639 4943 {instaurabit
650 4799 795 4940 {aab
808 4799 1040 4941 ballium?
1059 4802 1259 4926 poppaea
1277 4797 1421 4854 ΝΜ
1439 4801 1473 4855 a

243 4914 248 4924 .
462 4915 467 4927 .
917 4916 921 4926 .
1024 4902 1049 4939 a,
1112 4914 1118 4925 .
