3286 5460
653 384 910 443 arrsrvmavu
928 389 949 444 1.
969 393 993 446 o.
1420 391 1463 456 25

182 569 235 612 me
260 549 355 614 dere
380 550 511 635 publica
538 550 658 615 sentire
686 572 724 615 ac
752 551 871 636 dicere,
900 573 981 635 quae
1004 552 1144 617 maxime
1173 575 1246 618 cum
1271 552 1364 639 mihi,
1392 558 1463 619 tum

182 655 284 720 etiam
307 656 354 721 rei
373 656 522 742 publicae
548 657 731 722 rationibus
749 662 862 743 putem
881 659 1067 744 conducere,
1091 658 1237 744 apertius
1256 665 1363 725 autem
1384 662 1464 726 haec

183 783 247 848 ago
272 785 309 827 ac
332 767 470 848 saepius,
494 765 581 849 quod
604 769 637 829 et
661 763 816 847 Quintus,
839 764 940 829 frater
963 787 1067 848 meus,
1091 765 1219 850 legatus
1242 770 1293 831 est
1316 765 1463 832 Caesaris

183 874 218 934 et
240 871 367 937 nullum
391 894 498 938 meum
522 871 693 936 minimum
716 871 855 954 dictum,
878 893 944 936 non
967 872 1063 937 modo
1087 872 1220 955 sactum,
1242 895 1302 958 pro
1326 871 1463 940 Caesare

153 976 388 1064 aintercessit,
411 979 496 1063 quod
519 979 575 1043 ille
598 1000 665 1043 non
688 977 736 1042 ita
759 977 890 1042 inlustri
914 978 1022 1064 gratia
1045 979 1220 1063 exceperit,
1243 983 1281 1044 ut
1304 1001 1365 1065 ego
1389 1003 1463 1045 eum

183 1085 266 1149 mihi
290 1086 475 1152 devinctum
497 1090 661 1170 putarem:
691 1085 801 1169 itaque
825 1085 894 1149 eius
918 1085 1007 1149 omni
1031 1088 1064 1149 et
1087 1085 1208 1170 gratia,
1231 1108 1313 1170 quae
1336 1109 1464 1152 summa

183 1196 249 1275 est,
276 1196 311 1257 et
338 1192 469 1278 opibus,
502 1214 582 1276 quas
612 1193 777 1278 intellegis
806 1215 875 1259 esse
904 1193 1076 1276 maximas,
1105 1193 1151 1258 sic
1178 1193 1282 1278 fruor,
1309 1197 1347 1258 ut
1373 1195 1464 1278 meis,

182 1320 244 1363 nec
266 1298 347 1364 mihi
371 1299 467 1364 aliter
485 1302 633 1384 potuisse
651 1299 764 1365 videor
780 1300 951 1366 hominum
969 1300 1171 1385 perditorum
1195 1301 1233 1365 de
1259 1323 1309 1365 me
1329 1301 1464 1366 consilia

182 1403 348 1490 frangere,
375 1405 440 1470 nisi
463 1428 537 1471 cum
560 1406 731 1492 praesidiis
754 1407 815 1490 eis,
845 1429 926 1491 quae
955 1429 1083 1491 semper
1109 1406 1223 1490 habui,
1250 1429 1336 1471 nunc
1364 1407 1464 1472 etiam

142 1511 369 1595 reputantium
388 1512 641 1579 benivolentiam
661 1513 909 1578 coniunxissem.
946 1513 997 1578 his
1016 1535 1077 1599 ego
1097 1513 1252 1596 consiliis,
1275 1513 1303 1577 si
1322 1517 1355 1577 te
1373 1535 1464 1597 prae·
1482 1529 1516 1577 aa

182 1622 310 1682 sentem
333 1617 530 1705 habuissem,
554 1625 592 1685 ut
615 1620 726 1704 opinio
750 1641 821 1684 mea
844 1619 922 1703 fert,
945 1641 1049 1685 essem
1073 1642 1152 1685 usus
1175 1620 1297 1685 eisdem
1323 1654 1360 1666 -
1387 1620 1463 1684 novi

182 1725 271 1789 enim
299 1727 550 1810 temperantiam
578 1731 612 1791 et
640 1727 895 1791 moderationem
925 1731 1061 1792 naturae
1094 1730 1184 1811 tuae,
1214 1726 1292 1791 novi
1319 1725 1463 1790 animum

182 1853 259 1896 cum
282 1830 364 1896 mihi
388 1831 631 1917 amicissimum,
655 1838 725 1897 tum
744 1832 836 1896 nulla
854 1832 888 1896 in
907 1836 1032 1897 ceteros
1051 1831 1278 1897 malevolentia
1298 1832 1464 1916 suffusum,

183 1941 361 2022 contraque
389 1960 463 2003 cum
486 1961 641 2024 magnum
670 1944 703 2004 et
731 1939 906 2022 excelsum,
934 1942 1004 2003 tum
1032 1938 1131 2004 etiam
1160 1944 1310 2023 apertum
1333 1944 1366 2004 et
1389 1939 1463 2004 sim-

144 2063 169 2103 ιε
182 2044 316 2130 plicem3
341 2044 406 2108 vidi
430 2066 491 2131 ego
513 2046 671 2130 quosdam
689 2045 724 2109 in
743 2050 776 2110 te
795 2044 880 2128 talis,
904 2045 1009 2128 qualis
1028 2049 1064 2110 tu
1083 2046 1213 2111 eosdem
1232 2046 1267 2110 in
1286 2068 1337 2110 me
1356 2045 1462 2112 videre

182 2150 337 2236 potuisti:
366 2173 447 2236 quae
471 2174 522 2216 me
546 2156 730 2235 moverunt,
754 2151 934 2216 movissent
956 2153 1067 2217 eadem
1090 2157 1124 2216 te
1147 2151 1294 2236 profecto
1324 2178 1374 2236 -3
1399 2154 1464 2237 sed,

184 2279 390 2342 quocumque
423 2262 568 2342 tempore
599 2257 680 2322 mihi
712 2262 860 2343 potestas
892 2259 1074 2343 praesentis
1103 2259 1152 2323 tui
1185 2258 1298 2342 fuerit,
1330 2262 1366 2322 tu
1399 2259 1463 2323 eris

185 2364 332 2428 omnium
355 2364 540 2429 moderator
563 2363 774 2429 consiliorum
798 2386 958 2448 meorum,
988 2364 1048 2428 tibi
1072 2365 1136 2429 erit
1158 2364 1275 2441 eidem,
1299 2364 1350 2429 cui
1375 2365 1463 2430 salus

186 2492 259 2535 mea
282 2469 353 2555 fuit,
376 2470 475 2536 etiam
499 2471 642 2557 dignitas
666 2492 772 2535 curae:
798 2493 849 2535 me
873 2470 1002 2554 quidem
1026 2474 1113 2535 certe
1137 2475 1266 2535 tuarum
1290 2471 1463 2555 actionum,

148 2576 438 2661 rosententiarum,
470 2578 692 2662 voluntatum,
725 2600 833 2642 rerum
865 2577 1002 2661 denique
1033 2577 1178 2642 omnium
1210 2577 1334 2641 socium
1367 2578 1463 2642 comi-

185 2686 316 2768 temque
343 2685 494 2770 habebis,
523 2706 637 2770 neque,
655 2685 736 2749 mihi
763 2685 797 2749 in
826 2685 914 2749 omni
943 2683 1085 2749 vitares
1112 2688 1180 2747 tam
1209 2684 1272 2748 erit
1298 2683 1366 2749 ulla
1388 2706 1464 2768 pro-

186 2790 310 2874 posita,
343 2813 440 2876 quam
470 2796 507 2857 ut
537 2791 654 2857 cotidie
685 2790 907 2856 vehementius
940 2795 972 2855 te
1005 2791 1043 2856 de
1075 2813 1127 2855 me
1160 2789 1282 2875 optime
1311 2790 1463 2854 meritum

188 2918 255 2962 esse
279 2897 409 2964 laetere.

274 3023 361 3105 quod
384 3043 496 3108 rogas,
525 3025 562 3086 ut
584 3044 656 3086 mea
679 3022 742 3086 tibi
765 3022 888 3107 scripta
910 3023 1053 3106 mittam,
1082 3044 1164 3106 quae
1187 3026 1264 3107 post
1287 3022 1464 3087 discessum
1483 3040 1517 3087 aa

148 3131 280 3192 aluum
312 3129 510 3213 scripserim,
542 3132 619 3193 sunt
651 3129 816 3193 orationes
848 3130 1019 3212 quaedam,
1053 3151 1132 3213 quas
1161 3127 1343 3193 Menocrito
1371 3128 1464 3207 dabo,

186 3255 291 3319 neque
314 3235 363 3299 ita
386 3236 517 3319 multae,
540 3258 581 3300 ne
603 3235 824 3319 pertimescas.
861 3236 977 3320 scripsi
997 3235 1096 3300 etiam
1117 3272 1154 3282 -
1176 3258 1251 3300 nam
1275 3235 1404 3319 †etiam
1423 3236 1464 3299 ab

185 3342 393 3407 orationibus
417 3343 551 3429 diiungo
570 3342 637 3407 fere
656 3342 826 3426 referoque
850 3343 889 3406 ad
913 3343 1148 3407 mansuetiores
1167 3341 1289 3424 Musas,
1313 3364 1394 3426 quae
1414 3365 1464 3406 me

182 3449 327 3514 maxime
351 3448 436 3514 sicut
458 3450 524 3514 iam
548 3472 568 3514 a
590 3448 695 3533 prima
718 3447 937 3514 adulescentia
955 3449 1212 3514 delectarunt-
1229 3449 1345 3533 scripsi
1363 3448 1465 3534 igitur

183 3612 192 3619 ι
203 3614 288 3621 .....--..
303 3611 380 3619 --ε

278 3719 301 3767 l.
321 3711 390 3766 mihi
409 3714 482 3784 tum]
505 3715 630 3767 mustum
645 3715 683 3767 M
702 3714 767 3781 (mi'
784 3715 857 3781 tum,
878 3719 891 3765 1
907 3715 961 3767 litt.
975 3730 1021 3780 er,
1035 3713 1091 3774 ΡΙ,
1121 3711 1191 3764 mihi
1214 3713 1274 3765 turn
1288 3712 1332 3765 P’
1353 3713 1385 3764 in
1402 3728 1465 3777 mo,

173 3784 220 3839 mi
242 3784 365 3838 multum
379 3785 416 3838 M
417 3787 448 3852 ῐ1,
467 3780 584 3837 inistum
598 3784 634 3840 R.
654 3784 724 3838 meis
742 3787 803 3838 tum
821 3787 873 3839 ulii
886 3788 896 3854 11
909 3790 933 3839 3.
954 3782 1086 3854 Quintus]
1107 3801 1143 3851 qu
1163 3801 1196 3838 cx
1214 3800 1267 3851 que
1286 3783 1408 3837 rodendo
1422 3783 1464 3848 M,

170 3897 232 3938 om.
256 3883 284 3936 R
299 3884 308 3950 1
322 3888 346 3935 5.
366 3898 430 3936 eum
448 3900 498 3938 om.
514 3882 541 3936 It
554 3884 563 3950 11
578 3887 602 3937 6.
623 3881 767 3935 denintum
782 3883 820 3935 M
822 3883 838 3951 ¹,
856 3899 925 3937 corr.
941 3882 990 3934 Μο
1004 3884 1013 3949 11
1027 3886 1051 3935 9.
1071 3879 1126 3933 nisi
1141 3882 1182 3946 Μ,
1201 3856 1247 3946 1¹1¹,
1267 3886 1279 3932 l
1298 3881 1348 3933 litt.
1363 3897 1408 3944 er..
1428 3880 1463 3933 R.

169 3955 282 4023 quantia
301 3971 335 4007 esc
354 3954 433 4008 libris
455 3955 648 4008 recentioribus
671 3955 791 4022 amplius
808 3971 865 4007 uon
883 3954 1102 4017 arlraotubuutur,
1126 3954 1172 4005 secl
1190 3953 1228 4004 ud
1247 3951 1282 4003 M
1299 3953 1379 4005 tacite
1402 3968 1464 4004 oon·

168 4025 381 4086 formabuntur
393 4027 402 4092 11
417 4022 469 4095 eis]
484 4024 529 4077 his
540 4024 609 4091 MR,
629 4022 691 4082 iias
705 4028 714 4092 11
729 4031 770 4079 10.
781 4022 974 4078 beniuolentia
983 4025 1010 4078 R
1024 4026 1034 4091 11
1051 4030 1090 4076 ll.
1101 4040 1191 4076 essem
1205 4039 1271 4075 usus
1282 4022 1318 4088 R,
1332 4024 1465 4074 essemus

170 4110 229 4150 sus
252 4096 289 4148 M
305 4098 314 4163 11
332 4094 459 4148 ehiadem
477 4097 523 4163 M,
542 4095 632 4148 isdem
652 4096 679 4149 It
696 4098 705 4163 11
730 4101 771 4149 13.
791 4094 870 4148 nulla
889 4113 922 4149 ecc
941 4093 1000 4147 ulla
1019 4095 1058 4149 ΕΙ
1077 4096 1086 4163 11
1113 4100 1152 4148 14.
1172 4096 1231 4145 tum
1251 4109 1280 4159 ς,
1299 4095 1366 4145 tunc
1386 4093 1465 4159 Ma

173 4170 224 4222 15.
248 4164 334 4219 uideo
353 4166 381 4220 R
394 4168 404 4233 11
425 4173 464 4220 17.
484 4165 598 4232 111ξῖ9111,
619 4172 631 4217 1
652 4167 703 4220 litt.
723 4185 769 4231 cr,
787 4167 824 4219 M
840 4168 881 4235 (tu
900 4182 982 4219 uerus
1001 4165 1050 4234 ΡΙ)
1064 4169 1074 4234 11
1095 4171 1134 4220 19,
1155 4169 1228 4218 corto
1247 4183 1280 4219 ea
1300 4165 1391 4216 certae
1411 4162 1465 4225 M¹,

170 4241 262 4292 certo
277 4237 306 4290 Il
319 4239 328 4304 11
343 4242 385 4290 20.
401 4242 442 4291 ⁶21.
459 4236 656 4306 comitemque]
675 4239 710 4303 cs.
725 4238 822 4291 Placet.
840 4238 938 4291 Pseud
955 4241 986 4288 17
1004 4237 1036 4291 G.
1052 4240 1117 4305 1121.
1137 4235 1206 4289 mihi
1221 4255 1270 4290 onrv.
1285 4235 1313 4288 R
1327 4236 1336 4303 11
1351 4235 1409 4286 tam
1424 4234 1465 4288 Μ.

173 4307 281 4362 tamen
296 4307 324 4361 R
338 4310 348 4376 11
362 4313 404 4362 tt.
419 4307 545 4376 quotidie
560 4309 592 4361 M
607 4310 616 4375 11
631 4313 672 4361 23.
689 4315 751 4377 post
769 4308 873 4361 laetere
892 4310 1013 4374 epatium
1031 4309 1062 4361 ire
1077 4308 1137 4361 MR
1154 4309 1278 4362 relictum
1297 4312 1321 4358 ot
1340 4307 1370 4357 in
1386 4302 1465 4367 Quod

173 4376 204 4445 Q
220 4381 277 4432 litt.
294 4380 435 4434 rubricata
449 4382 458 4448 11
472 4385 515 4433 25.
529 4377 696 4450 Menocrito]
716 4381 750 4445 cs.
763 4382 790 4433 C.
802 4381 825 4433 Ι.
838 4381 871 4433 A.
888 4379 925 4431 lll
943 4383 1022 4431 1624:
1043 4378 1221 4445 Μηνόκριτος
1234 4381 1243 4444 11
1257 4381 1299 4429 16.
1316 4375 1405 4427 multo
1421 4375 1448 4428 R

176 4449 372 4516 pertimescas
397 4452 458 4519 (sic)
476 4451 523 4517 M,
549 4448 731 4519 pertimescas
756 4467 790 4504 ea
808 4451 835 4503 R
858 4452 868 4517 11
890 4448 1031 4516 quaedam
1054 4447 1222 4501 carminaod
1246 4445 1344 4514 scripsi
1369 4444 1466 4516 etiam,

179 4523 250 4576 aad.
264 4539 300 4575 m.
315 4538 381 4575 saec.
392 4521 443 4574 XV
458 4523 488 4574 in
499 4522 535 4574 M
545 4525 554 4590 11
568 4527 610 4574 27.
622 4519 737 4590 diiungo
748 4522 818 4587 MR,
838 4519 968 4590 disiungo
982 4535 1026 4572 me
1038 4520 1072 4571 M
1076 4527 1093 4572 ¹.
1113 4535 1178 4570 nam
1193 4534 1236 4571 me
1251 4517 1308 4570 iarn
1323 4516 1359 4570 ab
1372 4518 1458 4571 Orelli

180 4605 251 4646 nam
271 4591 366 4646 abor.
392 4591 508 4662 diiungo
527 4609 571 4646 me
590 4591 647 4644 lere
667 4593 809 4647 Graevius.
837 4594 953 4645 miliia
974 4589 1059 4643 ctiam
1081 4590 1280 4642 substantivum
1304 4590 1386 4642 latere
1405 4606 1466 4641 cum

186 4693 272 4744 vuum
293 4697 369 4757 esset,
386 4689 519 4758 animum,
540 4692 557 4744 ι’.
572 4708 593 4744 e.
613 4663 697 4755 asum,
716 4691 847 4759 supposuit
861 4690 991 4754 Solemnis,
1009 4704 1067 4741 core
1083 4692 1159 4754 puto.
1180 4687 1214 4753 cs.
1230 4703 1295 4739 aaa.
1311 4687 1380 4766 plu'l.
1397 4691 1463 4737 18111

187 4776 212 4826 p.
227 4765 286 4829 681
301 4760 445 4830 referoque
465 4777 509 4814 me
528 4762 564 4814 ad
584 4761 611 4814 R
631 4763 640 4830 11
659 4759 856 4814 mansuetioris
876 4760 912 4812 M
928 4763 981 4825 l-os
996 4759 1032 4811 Μ
1036 4761 1055 4825 r)
1074 4760 1083 4827 11
1102 4762 1203 4812 2128.
1223 4774 1267 4814 me
1286 4772 1406 4811 maxrme
1422 4757 1464 4823 M,

191 4831 310 4887 maxime
327 4833 365 4901 R,
382 4849 428 4889 me
448 4831 563 4908 (nunc)
583 4831 704 4890 maxime
728 4832 884 4905 Wcaeobcrp
