3286 5460
195 395 260 460 302
646 391 684 450 Μ.
703 392 811 449 TVLLI
829 391 1020 450 CICERONIS

194 581 261 624 non
293 560 501 644 dubitabam,
530 563 655 645 tamen,
685 559 763 643 quia
792 559 925 624 maximi
957 557 1185 642 aestimabam,
1215 562 1255 622 ut
1285 558 1468 644 incorrupta

197 672 352 752 maneret,
376 667 574 733 laborabam.
621 667 770 732 conscius
799 671 909 732 autem
937 665 1018 730 mibi
1047 687 1136 730 eram
1163 663 1247 729 nihil
1270 687 1291 729 a
1319 687 1373 731 me
1396 687 1471 730 com·

201 774 335 837 missum
364 795 447 859 esse,
471 774 557 859 quod
584 773 664 837 boni
691 774 882 858 cuiusquam
910 772 1087 839 offenderet
1114 771 1273 837 animum:
1305 794 1344 837 eo
1374 771 1471 836 minus

201 879 371 944 credebam
393 880 545 965 plurimis
569 884 667 965 atque
692 881 826 964 optimis
850 880 977 945 artibus
1005 882 1121 944 ornato
1152 878 1215 944 tibi
1243 883 1368 945 temere
1395 879 1473 964 quie·

201 1008 298 1068 quam
327 988 515 1071 persuaderi
542 988 703 1072 potuisse,
730 986 924 1072 praesertim
955 987 991 1050 in
1024 1008 1120 1071 quem
1147 1007 1221 1050 mea
1251 1009 1418 1072 propensa
1448 990 1503 1049 ets

200 1098 358 1177 perpetua
380 1093 497 1159 fuisset
521 1098 618 1179 atque
642 1098 729 1159 esset
751 1092 994 1178 benevolentia3
1021 1093 1299 1178 quodquoniam,
1323 1098 1362 1159 ut
1385 1092 1476 1174 volui,

200 1201 268 1264 scio
299 1223 382 1279 esse,
411 1202 613 1285 respondebo
643 1200 847 1284 criminibus,
871 1201 988 1284 quibus
1016 1204 1054 1264 tu
1081 1221 1141 1284 pro
1169 1222 1234 1283 me,
1255 1205 1294 1265 nt
1323 1223 1385 1285 par
1413 1206 1475 1265 erat

166 1312 259 1377 ntua
290 1308 448 1392 singulari
482 1308 630 1373 bonitate
663 1311 696 1372 et
728 1306 874 1372 amicitia
905 1311 1032 1390 nostra,
1065 1328 1162 1391 saepe
1193 1307 1357 1372 restitisti.
1404 1311 1477 1372 nota

200 1412 286 1478 enim
319 1413 400 1479 mihi
433 1418 523 1498 sunt,
547 1436 629 1500 quae
661 1415 697 1479 in
728 1437 780 1479 me
807 1419 884 1499 post
913 1413 1062 1481 Caesaris
1094 1418 1234 1480 mortem
1266 1415 1477 1480 contulerint:

199 1521 280 1584 vitio
314 1520 395 1584 mihi
428 1521 519 1606 dant,
552 1522 637 1607 quod
670 1526 810 1587 mortem
841 1521 984 1587 hominis
1020 1522 1195 1587 necessarii
1231 1522 1378 1608 graviter
1409 1521 1475 1587 fero
1489 1543 1509 1581 a

199 1633 298 1712 atque
322 1650 404 1713 eum,
429 1651 525 1714 quem
548 1629 655 1713 dilexi,
677 1629 801 1712 perisse
823 1628 989 1715 indignor,
1012 1628 1105 1693 aiunt
1127 1630 1214 1694 enim
1237 1629 1382 1714 patriam
1401 1630 1477 1694 ami-

200 1732 295 1798 citiae
319 1736 580 1819 praeponendam
604 1757 688 1821 esse,
716 1736 853 1821 proinde
880 1757 918 1801 ac
946 1736 975 1800 si
1002 1737 1067 1800 iam
1091 1736 1229 1802 vicerint
1256 1736 1387 1802 obitum
1409 1736 1476 1801 eius

198 1843 245 1906 rei
274 1866 304 1925 p.
328 1842 428 1907 fuisse
456 1842 581 1907 utilem.
627 1844 683 1908 sed
710 1864 776 1907 non
803 1863 900 1928 agam
928 1846 1049 1908 astute:
1081 1842 1187 1908 fateor
1219 1865 1270 1908 me
1303 1844 1345 1908 ad
1376 1843 1477 1909 istum

200 1951 338 2034 gradum
362 1950 540 2034 sapientiae
563 1971 630 2014 non
652 1950 851 2035 pervenisse3
874 1972 979 2035 neque
1002 1950 1089 2015 enim
1109 1949 1281 2016 Caesarem
1298 1950 1335 2015 in
1357 1950 1478 2016 dissen-

199 2058 288 2122 sione
321 2058 410 2122 civili
443 2080 515 2121 sum
548 2062 692 2141 secutus,
720 2059 776 2122 sed
803 2057 958 2142 amicum,
988 2079 1185 2143 quamquam
1217 2079 1252 2123 re
1280 2057 1478 2141 offendebas,
1491 2084 1514 2123 rs

198 2168 308 2229 tamen
330 2187 397 2231 non
421 2165 557 2249 deserui,
579 2187 683 2248 neque
707 2164 830 2229 bellum
854 2186 997 2249 unquam
1020 2165 1115 2230 civile
1138 2169 1196 2231 aut
1221 2165 1322 2231 etiam
1345 2186 1478 2230 oausam

197 2273 409 2337 dissensionis
433 2271 579 2357 probavi,
598 2293 696 2355 quam
716 2271 816 2336 etiam
833 2276 1022 2337 nascentem
1045 2271 1193 2358 extingui
1212 2293 1338 2336 summe
1357 2271 1479 2336 studui.

197 2379 308 2463 itaque
331 2380 366 2443 in
389 2377 527 2444 victoria
549 2377 691 2443 hominis
715 2379 890 2443 necessarii
913 2400 1017 2463 neque
1035 2379 1170 2444 honoris
1193 2400 1297 2464 neque
1319 2379 1478 2463 pecuniae

197 2485 364 2551 dulcedine
393 2509 466 2551 sum
497 2491 626 2571 captus,
655 2485 773 2569 quibus
800 2486 956 2571 praemiis
988 2486 1119 2572 reliqui,
1146 2486 1254 2551 minus
1282 2486 1368 2570 apud
1404 2508 1477 2551 eum

198 2615 296 2676 quam
320 2614 381 2678 ego
406 2616 479 2658 cum
501 2597 650 2679 possent,
673 2592 885 2657 immoderate
913 2597 990 2658 sunt
1018 2592 1120 2658 abusi.
1166 2599 1265 2678 atque
1295 2593 1399 2658 etiam
1426 2614 1478 2657 res
1491 2620 1516 2660 aa

196 2699 370 2765 familiaris
394 2723 467 2764 mea
488 2700 560 2786 lege
580 2699 730 2766 Caesaris
754 2699 921 2765 deminuta
943 2705 1004 2779 est,
1023 2699 1114 2765 cuius
1137 2699 1295 2765 beneficio
1319 2699 1479 2784 plerique,

197 2809 252 2891 qui
286 2806 434 2872 Caesaris
468 2812 573 2872 morte
610 2808 789 2892 laetantur,
826 2812 1053 2874 remanserunt
1090 2807 1125 2872 in
1161 2806 1303 2872 civitate.
1350 2806 1479 2873 civibus

161 2914 293 2985 avictis
321 2920 359 2978 ut
386 2919 587 2998 parceretur,
615 2935 715 2997 aeque
748 2937 785 2979 ac
817 2937 877 2999 pro
904 2937 978 2980 mea
1005 2915 1110 2980 salute
1137 2914 1295 2980 laboravi.
1340 2935 1478 2998 possum

197 3021 312 3104 igitur,
337 3021 392 3105 qui
418 3023 523 3087 omnis
550 3021 711 3086 voluerim
739 3021 925 3106 incolumis,
949 3044 1036 3107 eum,
1065 3045 1084 3086 a
1112 3045 1175 3108 quo
1203 3023 1237 3087 id
1263 3022 1478 3106 impetratum

197 3131 259 3210 est,
291 3128 414 3210 perisse
446 3150 513 3192 non
540 3129 726 3213 indignari?
755 3152 828 3193 cum
855 3129 1049 3213 praesertim
1076 3129 1163 3195 idem
1189 3128 1340 3194 homines
1369 3128 1422 3193 illi
1444 3132 1516 3193 etas

196 3233 337 3298 invidiae
376 3239 409 3298 et
446 3235 545 3298 exitio
582 3234 713 3299 fuerint.
758 3235 929 3320 ‘plecteris
966 3233 1070 3322 ergo’,
1105 3237 1267 3323 inquiunt,
1304 3236 1478 3321 ‘quoniam

195 3341 320 3406 factum
343 3345 493 3406 nostrum
523 3341 708 3425 improbare
737 3341 861 3407 audes'
907 3365 926 3407 o
955 3343 1142 3426 superbiam
1167 3342 1364 3428 inauditam,
1393 3343 1477 3408 alios

194 3448 230 3510 iu
253 3448 397 3513 facinore
421 3448 658 3534 gloriationis
680 3471 721 3512 ne
746 3449 854 3514 dolere
878 3449 1008 3534 quidem
1026 3449 1175 3536 inpunite
1198 3450 1310 3516 licere!
1341 3454 1377 3514 at
1395 3449 1480 3518 haee

195 3554 296 3618 etiam
325 3556 428 3620 servis
456 3578 583 3639 semper
611 3556 715 3620 libera
742 3555 888 3641 fuerunt,
913 3557 1084 3642 timerent,
1112 3557 1304 3642 gauderent,
1328 3556 1478 3622 dolerent

195 3683 253 3726 suo
277 3663 388 3747 potius
413 3685 511 3746 quam
533 3662 669 3727 alterius
692 3662 846 3747 arbitri03
871 3683 952 3746 quae
975 3685 1070 3750 nunc,
1088 3668 1126 3729 ut
1149 3664 1280 3749 quidem
1301 3663 1361 3729 isti
1385 3665 1516 3731 dicti-sa

266 3880 289 3927 1.
309 3872 426 3928 maximi
449 3873 636 3929 aestimabam
658 3873 705 3942 M,
733 3872 849 3927 maximi
872 3872 1070 3928 existimabam
1088 3875 1130 3943 D,
1157 3873 1280 3930 maxima
1303 3875 1477 3931 extimabam

194 3947 254 4014 (sic)
264 3945 298 3997 H
301 3947 317 4027 ,ΙΙ
333 3950 355 4000 7.
371 3951 396 4000 8.
410 3961 462 4015 par
476 3947 538 3999 erat
551 3950 601 3999 tua
611 3944 683 4012 ΜΗ,
697 3962 724 4015 p.
740 3961 762 4000 e.
777 3961 828 4014 pro
842 3947 894 3999 tua
907 3946 944 4000 D.
973 3947 1007 4013 cf.
1024 3947 1147 4002 Submota
1161 3948 1178 4002 l.
1193 3964 1215 4002 c.
1230 3965 1261 4017 p.
1276 3951 1329 4000 273
1343 3949 1353 4016 Ι
1368 3953 1410 4002 10.
1428 3964 1476 4002 ne·

193 4035 314 4137 cessari,
334 4069 371 4123 ia
382 4069 418 4122 M
420 4077 439 4134 ⁰,
452 4070 487 4122 Μ
494 4072 496 4139 l
512 4076 554 4124 11.
565 4076 607 4124 12.
617 4069 740 4139 patriam
750 4067 894 4123 amicitiae
907 4070 944 4151 I),
955 4070 1065 4139 patriae
1080 4069 1236 4126 amicitiam
1247 4071 1316 4126 ΜΗ
1322 4073 1331 4127 ²i
1341 4078 1384 4128 12.
1393 4088 1476 4154 prae·

193 4141 345 4209 terendam,
364 4144 396 4195 ia
414 4160 465 4211 rap.
485 4147 549 4196 rn.1
569 4142 804 4211 praeponendam,
824 4141 853 4193 D
867 4144 877 4210 ll
890 4141 1010 4195 uicerint
1029 4143 1067 4210 H,
1087 4150 1112 4197 et
1125 4142 1167 4196 D¹
1186 4146 1215 4197 in
1230 4162 1293 4214 my,
1311 4143 1416 4197 uicerit
1435 4143 1475 4210 Μ,

193 4212 295 4266 uixerit
313 4212 355 4265 D¹
378 4215 388 4280 ΙΙ
413 4219 451 4265 15.
472 4214 584 4266 secutus
604 4230 666 4266 sum
684 4214 718 4266 Π
736 4215 746 4282 ΙΙ
769 4229 940 4281 quamquam
959 4229 988 4266 re
1007 4212 1169 4268 offendebat
1188 4215 1229 4281 Μ,
1253 4232 1283 4269 re
1302 4231 1476 4284 quamquam

193 4283 355 4337 offendebat
373 4285 411 4351 H,
430 4301 601 4352 quamquam
620 4286 648 4338 te
668 4283 844 4337 offendebam
857 4284 887 4337 D
901 4287 910 4354 ΙΙ
930 4289 970 4338 16.
990 4286 1086 4338 tamen
1104 4301 1154 4339 om.
1169 4286 1203 4339 H
1219 4289 1228 4354 ΙΙ
1248 4292 1289 4341 17.
1310 4286 1476 4357 extinguere

193 4356 227 4408 H
246 4359 255 4424 n
279 4361 320 4409 21.
340 4354 402 4424 lege
422 4354 561 4425 Caesaris]
581 4358 600 4410 i.
615 4373 650 4422 a,
668 4362 699 4409 ut
717 4356 787 4421 oid,
810 4356 864 4425 lepe
882 4357 961 4410 lolia
979 4357 1012 4410 de
1030 4357 1108 4410 orode
1127 4359 1255 4411 credendi
1273 4364 1298 4411 ct
1313 4359 1476 4427 possidendi

194 4428 268 4479 iutro
287 4427 402 4480 ltaliam
420 4429 453 4494 (o.
474 4428 570 4497 Lotape
589 4427 623 4480 ‘a
643 4426 770 4482 Altartlr.’
787 4425 844 4478 Ill*
858 4445 887 4494 p.
904 4429 966 4495 435)
981 4430 989 4495 ΙΙ
1004 4426 1149 4481 deminuta
1169 4427 1210 4495 Μ,
1230 4427 1373 4482 diminuta
1391 4428 1470 4495 HD!

192 4503 234 4549 ⁴26.
254 4496 401 4565 presertim
420 4515 482 4550 curn
503 4499 610 4565 111127.
631 4498 718 4551 audes
740 4515 773 4551 erc
796 4496 894 4550 audies
917 4500 1039 4552 radcrqu
1059 4498 1096 4550 M
1112 4501 1182 4567 1127.
1203 4504 1244 4554 28.
1265 4499 1338 4553 alios
1356 4499 1387 4552 in
1406 4498 1474 4553 faci·

192 4585 259 4620 nore
278 4568 393 4638 gloriari
413 4568 477 4622 aliis
498 4570 544 4635 Μ,
565 4568 635 4622 alios
654 4569 684 4621 in
702 4569 721 4623 f.
741 4568 779 4635 gl.
799 4568 870 4621 alios
891 4570 932 4636 II,
962 4568 1033 4621 alios
1052 4569 1081 4621 in
1100 4569 1119 4623 f.
1140 4568 1278 4638 singulari
1301 4570 1373 4624 alios
1398 4570 1473 4639 (aliis

193 4658 260 4692 corr.
272 4659 304 4692 m.
317 4644 343 4708 1)
358 4641 387 4692 D
401 4642 410 4707 11
424 4647 466 4694 28.
481 4641 575 4694 dolore
586 4641 621 4692 M
632 4643 641 4709 ll
655 4639 783 4708 inpunite
794 4640 866 4706 ΜΠ,
882 4640 995 4709 impune
1006 4640 1035 4693 D
1048 4643 1057 4709 ΙΙ
1072 4646 1113 4693 29.
1134 4642 1247 4695 fuerunt
1257 4640 1332 4714 (ut)
1342 4642 1475 4696 timerent

193 4710 300 4776 Baiter,
313 4714 375 4775 fort.
393 4718 467 4765 recle.
493 4712 606 4764 fuorunt
620 4712 674 4783 <ut
688 4711 854 4781 sperarent>
870 4714 921 4777 (rel
935 4712 989 4783 <ut
1003 4713 1169 4784 cuperent>l
1183 4712 1318 4767 timerent
1331 4714 1475 4768 Lehmann

193 4783 233 4845 (p.
245 4784 289 4849 60)
303 4784 312 4847 ΙΙ
326 4787 368 4835 29,
379 4789 420 4834 30.
435 4782 562 4835 dolerent
575 4783 732 4851 gauderent
746 4797 797 4833 sua
811 4799 836 4849 p.
849 4801 875 4849 q.
887 4800 911 4837 a.
927 4783 956 4835 in
971 4783 1118 4836 commoda
1132 4784 1245 4851 quael)
1257 4786 1267 4853 ll
1281 4789 1324 4838 30.
1335 4803 1366 4854 p.
1377 4790 1439 4854 303,
1450 4791 1473 4841 1.

194 4866 265 4918 :prae
284 4869 357 4904 nunc
376 4852 432 4920 isti,
452 4855 484 4906 ut
503 4870 531 4906 se
551 4854 664 4921 quidem
683 4852 825 4920 dictitant,
845 4853 903 4907 la.
920 4872 955 4907 m.
976 4857 1046 4909 Boot
1066 4856 1144 4923 l‘oba
1164 4855 1238 4911 crit!
1255 4873 1285 4925 p.
1302 4858 1349 4929 23)
