3286 5460
552 378 809 434 EPISTVLARVM
828 378 848 435 1.
869 384 893 434 7.
913 385 937 435 8.
1353 379 1394 445 13

116 542 360 628 diligentissimi
390 542 620 627 praetermisit.
666 566 705 608 ex
737 543 848 608 eodem
879 543 918 607 de
949 546 1022 608 toto
1055 547 1145 609 statu
1175 565 1283 608 rerum
1312 565 1397 609 conr·

116 650 264 714 munium
287 669 479 735 cognoscem
507 671 589 733 quae
613 651 725 733 quales
750 650 830 734 sint,
857 671 924 713 non
946 647 1041 713 facile
1065 654 1116 714 est
1139 651 1293 715 scribere:
1322 655 1398 717 sunt

116 756 248 841 quidem
267 760 353 821 certe
372 756 407 820 in
426 756 605 822 amicorum
623 760 810 821 nostrorum
829 758 1002 839 potestate,
1021 759 1119 841 atque
1139 756 1195 842 ita,
1218 763 1256 822 ut
1273 758 1399 822 nullam

116 863 334 928 mutationem
348 885 503 947 umquam
522 863 584 928 hac
598 862 767 928 hominum
788 866 895 927 aetate
909 862 1063 927 habitura
1082 885 1133 928 res
1152 886 1223 929 esse
1242 865 1398 930 videatur.

87 991 180 1056 sego
204 970 348 1055 quidem,
376 972 414 1033 ut
437 969 538 1035 debeo
562 975 596 1034 et
618 974 656 1034 ut
679 973 750 1034 tute
773 968 853 1033 mihi
879 969 1075 1054 praecepisti
1098 975 1132 1034 et
1155 975 1193 1035 ut
1215 994 1267 1036 me
1290 972 1428 1055 pietasa

115 1077 308 1161 utilitasque
338 1076 441 1161 cogit,
470 1098 522 1140 me
551 1077 590 1140 ad
620 1077 687 1140 eius
711 1076 859 1159 rationes
883 1074 1039 1160 adiungo,
1068 1098 1163 1160 quem
1191 1082 1228 1141 tu
1255 1079 1289 1142 in
1317 1079 1397 1143 meis

115 1183 300 1250 rationibus
319 1183 381 1248 tibi
400 1204 470 1248 esse
489 1182 885 1268 adiungendum-putasti,
910 1183 965 1246 sed
984 1185 1017 1246 te
1036 1204 1101 1246 non
1115 1185 1281 1268 praeterit,
1300 1206 1398 1267 quam

116 1292 162 1355 sit
180 1290 314 1357 difficile
333 1312 465 1356 sensum
485 1291 519 1354 in
538 1312 572 1355 re
591 1288 730 1373 publica,
751 1289 944 1373 praesertim
963 1293 1089 1353 rectum
1108 1293 1142 1354 et
1160 1291 1398 1375 confirmatum,

116 1399 285 1482 deponere.
318 1403 542 1463 verumtamen
561 1397 630 1481 ipse
650 1419 701 1462 me
720 1395 888 1461 conformo
912 1396 952 1460 ad
972 1396 1041 1461 eius
1060 1397 1272 1481 voluntatem,
1295 1421 1315 1462 a
1333 1420 1397 1482 quo

74 1528 102 1566 ro
116 1504 253 1570 honeste
277 1503 449 1570 dissentire
472 1526 539 1569 non
561 1526 708 1589 possum,
735 1525 839 1588 neque
861 1503 895 1566 id
918 1501 1017 1586 facio,
1044 1507 1082 1567 ut
1105 1503 1244 1568 forsitan
1267 1505 1397 1589 quibus-

116 1613 192 1677 dam
221 1613 344 1696 videar,
374 1611 597 1695 simulatione,
626 1614 756 1675 tantum
785 1604 873 1674 enim
900 1608 999 1674 animi
1022 1610 1168 1675 inductio
1196 1616 1230 1675 et
1259 1614 1398 1678 mercule

117 1740 210 1783 amor
233 1739 310 1804 erga
334 1716 524 1802 Pompeium
556 1710 641 1801 apud
668 1739 719 1781 me
747 1716 848 1800 valet,
876 1721 926 1798 ut,
956 1739 1037 1800 quae
1065 1715 1114 1781 illi
1141 1717 1238 1782 utilia
1266 1723 1342 1784 sunt
1365 1725 1399 1784 et

117 1847 201 1908 quae
219 1825 274 1889 ille
294 1824 373 1909 vult,
397 1848 434 1890 ea
454 1824 535 1890 mihi
554 1824 664 1889 omnia
681 1825 747 1888 iam
766 1828 800 1888 et
819 1827 908 1888 recta
931 1826 964 1887 et
987 1845 1063 1888 vera
1082 1824 1263 1910 videantur,
1285 1848 1398 1910 neque,

117 1934 156 1995 ut
180 1952 241 2017 ego
265 1932 423 2018 arbitror,
446 1935 593 1997 errarent
615 1953 656 1995 ne
679 1930 856 1996 adversarii
880 1929 1010 2014 quidem
1034 1931 1118 2014 eius,
1142 1932 1183 2015 si,
1207 1954 1281 1997 cunr
1303 1955 1397 2017 pares

77 2060 103 2100 1⁵
118 2060 190 2104 esse
213 2061 279 2104 non
301 2043 449 2124 possent,
477 2060 622 2125 pugnare
651 2037 853 2102 desisterent.
899 2059 950 2101 me
978 2037 1108 2121 quidem
1139 2039 1239 2103 etiam
1265 2039 1324 2104 illa
1347 2059 1428 2105 resa

118 2146 321 2230 consolatur,
344 2147 431 2231 quod
454 2167 516 2232 ego
540 2146 568 2210 is
593 2168 679 2227 sum,
702 2143 755 2209 cui
780 2144 829 2220 vel
853 2144 992 2209 maxime
1016 2145 1194 2210 concedant
1217 2169 1338 2230 omnes,
1362 2153 1399 2211 ut

118 2252 170 2316 vel
199 2274 237 2317 ea
263 2252 447 2337 defendam,
478 2275 559 2339 quae
587 2251 763 2337 Pompeius
792 2251 885 2336 velit,
913 2251 963 2315 vel
991 2255 1118 2316 taceam
1145 2252 1196 2317 vel
1225 2254 1338 2338 etiam,
1365 2254 1398 2318 id

118 2359 205 2443 quod
229 2359 311 2424 mihi
334 2361 473 2425 maxime
497 2360 602 2444 lubet,
631 2360 672 2423 sd
693 2363 808 2423 nostra
831 2380 881 2422 me
906 2358 1015 2422 studia
1037 2359 1175 2423 referam
1197 2359 1398 2425 litterarum:

117 2467 206 2550 quod
229 2465 377 2551 profecto
401 2468 533 2551 faciam,
556 2467 584 2530 si
607 2466 689 2530 mihi
712 2489 770 2550 per
793 2465 937 2530 eiusdem
960 2465 1138 2530 amicitiam
1160 2465 1285 2550 licebit3
1317 2490 1398 2550 quae

78 2598 104 2634 ιο
119 2574 207 2638 enirn
239 2574 409 2658 proposita
438 2572 568 2637 fuerant
599 2572 710 2656 nobis,
742 2595 815 2637 cum
847 2577 880 2637 et
912 2571 1091 2636 honoribus
1122 2573 1334 2655 amplissimis
1365 2578 1398 2639 et

118 2679 287 2744 laboribus
312 2679 461 2743 maximis
483 2679 645 2763 perfuncti
665 2700 818 2762 essemus,
842 2677 984 2762 dignitas
1002 2677 1037 2741 in
1055 2678 1227 2742 sententiis
1246 2679 1398 2765 dicendis,

117 2785 255 2852 libertas
278 2787 313 2851 in
336 2808 370 2851 re
393 2765 759 2870 publica'capessenda,
789 2807 827 2849 ea
854 2785 984 2848 sublata
1011 2788 1083 2849 tota
1111 2790 1201 2869 sunt,
1228 2808 1287 2851 nec
1317 2787 1397 2851 mihi

118 2894 225 2979 magis
240 2916 339 2978 quam
358 2895 518 2979 omnibus,
536 2916 613 2958 nam
633 2898 690 2958 aut
705 2892 950 2958 adsentiendum
969 2895 1019 2955 est
1037 2892 1128 2956 nulla
1147 2915 1220 2958 cum
1236 2894 1398 2980 gravitate

116 3001 232 3085 paucis
256 3005 313 3065 aut
336 3001 459 3065 frustra
486 3001 751 3066 dissentiendum.
797 2998 876 3064 haec
901 3019 962 3084 ego
986 2998 1026 3063 ad
1050 3003 1082 3063 te
1106 3000 1148 3064 ob
1173 3023 1243 3065 eam
1267 3017 1429 3065 causams

77 3130 104 3169 aa
118 3110 260 3174 maxime
280 3108 397 3193 scribo,
419 3113 457 3172 ut
480 3107 546 3172 iam
569 3109 607 3173 de
631 3112 690 3173 tua
708 3128 834 3193 quoque
853 3106 979 3171 ratione
998 3105 1162 3172 meditere.
1200 3111 1400 3172 commutata

118 3220 192 3279 tota
215 3216 300 3282 ratio
324 3213 383 3281 est'
397 3219 538 3297 senatuS,
561 3215 769 3298 iudiciorum,
793 3213 840 3278 rei
864 3214 966 3278 totius
989 3213 1152 3297 publicae:
1177 3213 1280 3278 otium
1303 3215 1399 3278 nobis

118 3324 339 3408 exoptandum
358 3328 417 3408 est,
441 3323 527 3408 quod
550 3323 589 3407 ei,
613 3323 669 3406 qui
687 3322 859 3407 potiuntur
877 3344 995 3405 rerum,
1017 3319 1216 3404 praestaturi
1240 3321 1399 3402 videntur,

119 3428 149 3492 si
181 3428 313 3513 quidam
344 3430 494 3494 homines
531 3429 708 3515 patientius
741 3450 852 3493 eorum
884 3428 1065 3511 potentiam
1098 3427 1181 3491 ferre
1217 3428 1399 3512 potuerint,

118 3535 316 3621 dignitatem
347 3536 477 3619 quidem
504 3536 596 3599 illam
624 3533 828 3600 consularem
857 3533 953 3599 fortis
977 3538 1010 3598 et
1033 3534 1215 3599 constantis
1239 3535 1398 3598 senatoris

76 3665 105 3703 ao
119 3641 204 3706 nihil
228 3648 279 3706 est
302 3643 388 3725 quod
408 3644 604 3728 cogitemus:
628 3641 748 3705 amissa
767 3641 862 3726 culpa
886 3645 937 3706 est
961 3663 1082 3723 eorum,
1106 3641 1162 3724 qui
1185 3663 1205 3704 a
1228 3645 1343 3704 senatu
1366 3645 1399 3703 et

119 3749 269 3815 ordinem
306 3748 608 3814 coniunctissimum
641 3751 674 3813 et
710 3747 877 3813 hominem
910 3748 1127 3813 clarissimum
1165 3747 1399 3811 abalienarunt.

119 3857 191 3938 sed,
219 3861 257 3919 ut
285 3856 325 3919 ad
353 3878 404 3939 ea,
432 3877 514 3939 quae
538 3856 761 3921 coniunctiora
784 3855 881 3919 rebus
906 3856 971 3919 tuis
1000 3860 1090 3938 sunt,
1120 3859 1277 3935 revertar,
1306 3853 1430 3918 Pom-o

119 3963 230 4046 peinm
260 3961 321 4026 tibi
349 3962 441 4026 valde
470 3962 609 4026 amicum
633 3985 703 4027 esse
728 3963 865 4047 cognovi
890 3965 923 4024 et
946 3984 984 4026 eo
1008 3965 1044 4025 tu
1069 3962 1214 4044 consule,
1242 3966 1400 4044 quantum

119 4091 183 4153 ego
212 4069 387 4154 perspicio,
417 4070 539 4152 omnia,
567 4092 648 4153 quae
677 4068 779 4154 voles,
807 4068 986 4152 optinebis,
1016 4068 1134 4151 quibus
1162 4069 1194 4131 in
1224 4067 1320 4131 rebus
1349 4091 1400 4132 me

210 4267 234 4316 2.
255 4263 345 4330 qu'sae,
363 4281 422 4317 aaa
440 4265 491 4317 titt.
506 4281 553 4330 cr,
571 4263 627 4331 Ml}
641 4269 665 4317 4.
685 4262 738 4316 hac
755 4263 817 4330 GR,
838 4262 910 4316 haec
924 4261 960 4314 M
971 4265 979 4329 ΙΙ
993 4277 1054 4314 esse
1073 4278 1106 4313 cr:
1125 4263 1199 4313 esset
1211 4261 1334 4315 radendo
1349 4262 1381 4314 M
1399 4308 1401 4331 ,

118 4339 145 4387 5.
165 4349 210 4386 me
233 4332 327 4402 pietas
346 4350 375 4398 ς,
403 4333 542 4387 medietas
566 4337 592 4387 a
610 4338 619 4402 [Ι
639 4340 662 4388 7.
682 4333 892 4402 adiungendum
916 4351 949 4386 ea
973 4331 1125 4400 adiungam
1149 4332 1315 4400 dull10119.
1335 4349 1400 4386 con-

118 4405 211 4458 formo
229 4405 279 4471 R‘,
298 4406 430 4459 confirmo
450 4408 477 4458 n
490 4410 499 4474 ΙΙ
512 4405 688 4459 uoluntatem
707 4423 740 4459 ex
759 4408 798 4456 -te
818 4405 866 4455 Μο
880 4409 889 4472 ῃ
904 4422 921 4458 a
939 4420 994 4472 quo
1014 4405 1053 4468 R,
1073 4421 1132 4471 sup.
1152 4422 1188 4456 os.
1209 4404 1255 4469 θ’,
1274 4421 1329 4471 quo
1350 4406 1386 4457 M
1391 4407 1401 4475 ll

119 4483 163 4529 11.
178 4475 301 4529 mercule
317 4477 357 4545 M,
376 4477 533 4531 mehercule
551 4479 604 4533 GR
617 4485 626 4542 ΙΙ
641 4485 682 4533 13.
697 4476 830 4530 uidentur
843 4475 878 4527 M
895 4479 974 4541 (corr.
991 4477 1073 4543 Mf)l
1093 4480 1132 4527 15.
1154 4473 1321 4528 desisterent
1337 4477 1400 4543 GR,
1492 4482 1495 4488 ⁴

117 4546 271 4600 destiterat
290 4550 350 4615 (sic)
367 4547 421 4613 Ml,
440 4548 608 4603 destiterent
622 4551 656 4602 Μ
659 4557 671 4583 ⁰
684 4552 693 4615 ΙΙ
708 4554 748 4601 16.
769 4546 793 4600 is
811 4547 873 4612 GR,
892 4545 936 4598 his
956 4547 992 4599 M
1004 4551 1013 4614 ΙΙ
1029 4553 1069 4598 18.
1085 4545 1165 4598 lubet
1179 4545 1219 4612 M,
1238 4545 1317 4599 iubet
1329 4547 1382 4600 GR
1392 4550 1401 4601 ,ἰ

118 4621 219 4671 nostra
237 4635 282 4672 me
297 4637 321 4686 ς,
341 4623 467 4673 nostram
487 4620 527 4686 M,
547 4623 644 4674 nostra
661 4621 713 4675 GR
728 4623 736 4686 ΙΙ
751 4616 847 4670 studia
864 4635 898 4671 ex
917 4617 1010 4668 stadia
1026 4618 1061 4668 M
1064 4616 1069 4648 ¹
1085 4619 1150 4682 1120,
1165 4617 1278 4668 fuerunt
1293 4618 1400 4672 Wesen-

118 4692 184 4760 berp
198 4694 207 4760 Ι
222 4696 264 4745 22.
280 4691 456 4760 capessenda
471 4691 507 4742 M
517 4695 526 4757 l]
541 4694 606 4745 sunt
618 4707 669 4745 nec
684 4691 801 4758 Madrdy
819 4691 868 4757 (ccl
883 4689 937 4741 Oic.
953 4690 985 4740 de
999 4690 1047 4754 lio.
1059 4706 1087 4755 p.
1103 4688 1179 4756 805³)
1193 4695 1217 4741 et
1233 4687 1401 4759 Wesenberg

118 4761 144 4814 si
164 4779 216 4815 nec
235 4763 309 4828 ΜΘ,
332 4761 393 4815 sine
412 4763 440 4816 R
453 4766 463 4830 ΙΙ
476 4768 519 4817 23.
544 4780 607 4816 curn
628 4763 693 4828 GR,
717 4762 749 4813 tn
769 4760 805 4812 M
824 4763 895 4827 (tum
915 4759 973 4826 ΜΤ)
992 4765 1001 4827 ΙΙ
1019 4764 1061 4814 24.
1082 4776 1143 4812 eam
1168 4760 1243 4827 MR,
1267 4761 1339 4814 hane
1359 4763 1394 4813 (1¹¹

118 4839 163 4887 27.
183 4833 224 4906 ei]
244 4833 284 4886 hii
305 4834 346 4906 M,
366 4833 396 4886 hi
417 4834 471 4888 GR
483 4839 494 4903 p
508 4840 550 4888 33.
570 4837 599 4888 et
617 4852 649 4888 eo
669 4852 693 4902 ς,
713 4835 745 4886 ut
763 4847 796 4884 co
816 4834 842 4884 a
