3286 5460
198 340 240 402 80
649 337 686 390 M.
706 336 810 389 TVLLI
831 335 1020 390 CICERONIS

196 506 246 565 est
270 523 393 585 rerum,
415 501 463 565 ita
485 501 634 584 perculsa
657 504 691 565 et
714 503 880 584 prostrata
902 497 1092 563 foedissimo
1115 497 1202 564 hello
1226 498 1334 565 iacent
1358 497 1475 587 onmia,

196 612 233 672 ut
260 608 288 671 is
316 606 431 690 cuique
459 607 563 689 locus,
590 607 647 671 ubi
676 607 745 691 ipse
773 607 830 690 sit,
858 610 891 670 et
919 605 983 670 sibi
1010 605 1147 690 quisque
1174 604 1379 671 miserrimus
1407 627 1475 671 esse

196 715 358 799 videatur,
388 717 563 798 propterea
590 717 624 778 et
652 713 700 778 tui
735 713 864 778 consilii
896 712 1041 797 paenitet
1068 716 1101 777 te
1130 715 1163 776 et
1179 734 1267 803 pos,
1299 712 1355 797 qui
1390 712 1474 777 domi

196 843 322 905 sumus,
349 819 411 884 tibi
434 820 523 884 beati
547 819 706 903 videmur,
733 824 768 883 at
794 824 908 886 contra
931 819 1026 884 nohis
1049 841 1116 884 non
1138 822 1176 885 tu
1200 818 1332 903 quidem
1354 841 1473 884 vacuus

197 927 370 1011 molestiis,
400 926 456 991 sed
485 948 562 1010 prae
591 926 686 991 nohis
714 927 838 991 beatus.
880 930 979 1009 atque
1006 925 1070 991 hoc
1097 925 1169 1010 ipso
1196 925 1314 991 melior
1341 930 1393 991 est
1420 931 1507 990 tuas

197 1056 293 1119 quam
316 1036 429 1097 nostra
442 1030 608 1117 condicio,
632 1033 717 1117 quod
742 1036 788 1118 tu,
812 1032 888 1116 quid
912 1032 1030 1116 doleat,
1057 1032 1197 1114 scribere
1220 1032 1329 1115 audes,
1351 1054 1414 1097 nos
1436 1053 1473 1096 ne

196 1141 228 1205 id
252 1140 383 1224 quidem
406 1143 479 1204 tuto
503 1161 692 1224 possumus,
718 1160 777 1204 nec
801 1139 834 1204 id
857 1139 990 1204 victoris
1014 1139 1110 1222 vitio,
1139 1160 1202 1223 quo
1225 1138 1309 1204 nihil
1333 1140 1473 1204 modera-

196 1247 277 1328 tius,
300 1244 355 1309 sed
379 1245 482 1329 ipsius
506 1246 679 1329 victoriae,
703 1267 784 1329 quae
809 1245 959 1311 civilibus
983 1244 1077 1310 bellis
1101 1267 1228 1329 semper
1251 1249 1302 1310 est
1324 1244 1474 1310 insolens.

162 1372 262 1418 auno
285 1356 318 1416 te
343 1351 494 1437 vicimus,
522 1352 607 1436 quod
630 1353 669 1417 de
693 1351 853 1436 Marcelli,
882 1352 1026 1439 collegae
1055 1351 1117 1435 tui,
1146 1351 1250 1417 salute
1278 1352 1379 1437 paulo
1402 1357 1473 1417 ante

106 1531 108 1535 ,
197 1481 295 1543 quam
314 1462 350 1521 tu
370 1458 592 1544 cognovimus,
615 1459 715 1524 etiam
734 1459 818 1524 ercle
838 1459 932 1542 quod,
951 1458 1221 1543 quemadmodum
1240 1480 1278 1523 ea
1297 1480 1349 1524 res
1369 1480 1473 1545 agere
1485 1481 1506 1517 w

197 1572 260 1647 tur,
283 1565 435 1630 uidimus:
458 1588 535 1630 nam
559 1566 605 1631 sic
628 1565 681 1631 fac
704 1556 881 1650 existimes,
903 1570 980 1650 post
1002 1566 1062 1631 has
1087 1565 1244 1649 miserias,
1267 1565 1301 1630 id
1319 1568 1371 1631 est
1389 1570 1472 1650 post

198 1694 295 1756 quam
319 1672 418 1736 armis
437 1671 611 1756 disceptari
635 1676 787 1757 coeptum
806 1671 850 1737 sit
869 1672 907 1737 de
926 1672 995 1737 iure
1014 1672 1153 1756 publico,
1174 1671 1258 1737 nihil
1276 1692 1346 1737 esse
1367 1675 1473 1736 actum

198 1779 284 1843 uliud
310 1800 383 1843 cum
407 1779 582 1865 dignitate3
604 1803 680 1844 nam
704 1784 737 1844 et
760 1779 830 1863 ipse
854 1777 974 1845 Caesar
996 1783 1149 1845 accusata
1170 1776 1374 1844 ‘acerbitate’
1393 1777 1473 1842 Mar·

199 1886 272 1950 celli
301 1923 342 1931 —
371 1886 417 1950 sic
450 1885 536 1951 enim
569 1885 756 1970 appellabat
784 1922 822 1932 -
851 1885 1045 1969 laudataque
1079 1882 1411 1951 honorificentissime
1442 1888 1474 1949 et

198 1992 362 2076 aequitate
390 1996 448 2056 tua
476 1997 509 2057 et
537 1992 708 2076 prudentia
735 1996 868 2076 repente
896 1996 1026 2078 praeter
1053 2014 1145 2076 spem
1174 1992 1257 2057 dixit
1284 2015 1319 2058 se
1348 1990 1474 2057 senatui
1489 2011 1510 2051 u

197 2099 329 2185 roganti
356 2099 394 2163 de
422 2097 578 2164 Marcello
606 2121 646 2164 ne
675 2098 794 2163 ominis
825 2098 956 2183 quidem
988 2119 1084 2162 causa
1115 2102 1324 2185 negaturum3
1357 2096 1477 2164 fecerat

198 2210 308 2270 autem
337 2205 399 2270 hoc
427 2209 575 2289 senatus,
606 2209 657 2290 ut,
688 2228 761 2270 cum
789 2227 809 2269 a
835 2203 871 2270 L.
896 2203 1014 2270 Pisone
1046 2205 1169 2270 mentio
1201 2209 1288 2270 esset
1319 2204 1409 2270 facta
1440 2203 1476 2267 de

197 2311 352 2377 Marcello
381 2316 415 2376 et
439 2310 473 2378 C.
492 2310 666 2376 Marcellus
695 2334 729 2377 se
757 2313 798 2376 ad
821 2310 969 2377 Caesaris
1002 2312 1099 2396 pedes
1128 2311 1315 2397 abiecisset,
1343 2315 1476 2377 cunctus

198 2422 408 2504 consurgeret
435 2422 469 2483 et
497 2419 537 2483 ad
560 2417 730 2483 Caesarem
759 2418 896 2503 supplex
923 2418 1098 2483 accederet.
1134 2419 1203 2484 noli
1233 2439 1402 2505 quaerere:
1432 2418 1478 2482 ita

199 2525 279 2590 mihi
302 2525 437 2609 pulcher
459 2524 514 2589 hic
537 2525 605 2589 dies
629 2525 718 2589 visus
742 2528 808 2608 est,
831 2528 868 2588 ut
891 2524 1033 2608 speciem
1056 2523 1199 2609 aliquam
1222 2523 1349 2589 viderer
1373 2523 1477 2589 videre
1489 2544 1546 2584 m·

163 2651 179 2697 4
200 2632 293 2716 quasi
317 2631 540 2696 reviviscentis
564 2631 610 2696 rei
634 2630 791 2715 publicae.
829 2631 950 2717 itaque,
974 2652 1047 2698 cum
1071 2652 1182 2695 omnes
1205 2633 1280 2696 ante
1299 2652 1350 2696 me
1371 2629 1477 2715 rogati

199 2739 322 2825 gratias
347 2738 478 2804 Caesari
506 2737 652 2823 egissent
679 2740 809 2822 praeter
833 2735 1024 2802 Volcacium
1046 2737 1134 2802 -is
1163 2737 1264 2822 enim,
1292 2737 1321 2802 si
1345 2758 1384 2802 eo
1407 2737 1477 2802 loco

199 2849 295 2929 esset,
315 2845 449 2929 negavit
468 2867 501 2908 se
521 2843 684 2909 facturum
702 2843 802 2908 fuisse
826 2878 875 2927 —-,
899 2865 960 2929 ego
980 2849 1117 2930 rogatus
1136 2843 1259 2909 mutavi
1279 2865 1390 2909 meum
1408 2865 1479 2908 con-

199 2950 325 3034 silium,
347 2973 424 3014 nam
448 2955 627 3015 statueram
650 2971 716 3015 non
740 2950 881 3015 mercule
905 2950 1037 3037 inertia,
1060 2951 1116 3015 sed
1139 2950 1297 3016 desiderio
1321 2951 1478 3036 pristinae

199 3056 370 3141 dignitatis
394 3057 428 3121 in
450 3062 643 3141 perpetuum
667 3062 786 3121 tacere:
809 3056 910 3142 fregit
932 3057 994 3122 hoc
1017 3079 1124 3122 meum
1150 3056 1322 3123 consilium
1345 3062 1381 3123 et
1403 3057 1546 3124 caea·

200 3163 281 3227 saris
306 3163 496 3249 magnitudo
525 3162 626 3227 animi
649 3167 682 3228 et
705 3168 837 3228 senatus
866 3162 1024 3248 officium,
1055 3163 1165 3248 itaque
1193 3162 1343 3248 pluribus
1372 3165 1479 3231 verbis

200 3270 253 3354 egi
267 3256 403 3335 ¹Caesari
422 3270 557 3355 gratias,
579 3292 694 3354 meque
718 3277 828 3334 metuo
848 3270 1008 3336 ucetiam
1028 3271 1062 3335 in
1081 3270 1197 3336 ceteris
1220 3271 1317 3336 rebus
1339 3270 1479 3337 honesto

201 3622 206 3633 Ι
245 3621 251 3632 1
289 3556 318 3633 1.Ι
331 3551 472 3622 perculsa]
495 3552 624 3621 perclusa
642 3554 676 3605 Ω.
705 3553 740 3619 cf.
762 3551 815 3606 Cic.
837 3570 866 3621 p.
886 3553 975 3608 Marc.
995 3557 1042 3608 23:
1073 3554 1157 3621 ‘ques
1182 3551 1273 3607 iacere
1299 3551 1389 3607 sentis
1412 3552 1481 3607 belli

198 3640 295 3729 Ψ
310 3625 418 3748 ¹⁹³9th
432 3623 879 3749 rttssdtd‘qltt‘l‘tt
900 3624 1372 3763 &RMGRMMGR
1394 3641 1483 3750 Ἥ

198 3711 275 3818 'illisu
294 3701 392 3847 'lilith
406 3738 548 3848 Redepro
567 3765 608 3819 M.
623 3736 790 3847 Marcello'l,
812 3767 861 3833 qui
877 3766 988 3846 Tibe-riq
1003 3714 1135 3892 regnanti
1151 3784 1211 3821 eom
1228 3782 1248 3820 α
1263 3708 1482 3848 ammi-liquo

199 3843 447 3987 laerta
463 3836 1025 3987 crearerlurafllar„
1039 3836 1272 3974 careth-t,
1287 3836 1482 3976 {rerer

199 3975 322 4030 msolens
341 3979 370 4030 et
389 3978 511 4047 superba
530 3980 583 4031 est’
600 3995 631 4047 p.
647 3977 736 4032 Marc.
752 3982 767 4029 9
781 3979 791 4046 ΙΙ
805 3977 878 4050 (m)
893 3977 945 4031 civ.
960 3978 987 4031 b.
1003 3981 1075 4034 Boot
1094 3980 1184 4048 (‘oha.’
1201 3996 1231 4048 p.
1246 3980 1274 4047 8)
1286 3979 1347 4034 coll.
1362 3978 1483 4049 quat

200 4070 222 4118 9.
243 4064 374 4136 vicimus]
393 4065 531 4120 vincimus
550 4067 602 4120 olii
620 4068 630 4133 ll
649 4064 775 4119 marcelli
794 4066 839 4133 M,
859 4065 992 4120 marcello
1011 4069 1060 4121 tuo
1081 4069 1119 4135 G,
1138 4050 1264 4135 mer,⁰⁸¹¹¹
1280 4065 1345 4121 celli
1363 4084 1426 4137 sup.
1444 4082 1481 4121 ra.

198 4154 216 4189 a
234 4154 268 4190 m.
288 4142 313 4204 2,
332 4137 360 4191 R
378 4139 388 4205 ΙΙ
406 4136 449 4190 tui
468 4155 518 4192 om.
540 4138 588 4206 (ἔῃ
601 4135 698 4206 paullo
717 4154 733 4194 ς
752 4139 761 4204 ΙΙ
780 4142 821 4190 10,
842 4136 914 4191 ercle
934 4138 1003 4205 MR,
1023 4155 1073 4193 om.
1095 4139 1130 4206 G,
1148 4137 1307 4193 mehercule
1325 4140 1423 4208 ςΙΙῙῙ.
1441 4142 1482 4192 12.

198 4209 349 4275 postquam
373 4208 440 4275 GR,
468 4210 563 4277 potest
587 4225 672 4275 quam
692 4207 729 4260 M
752 4209 761 4276 ll
789 4214 829 4261 12.
854 4206 940 4261 armis
964 4209 1009 4275 M,
1038 4209 1123 4263 armis
1149 4209 1281 4265 ciuilibus
1306 4208 1376 4277 GR,
1404 4210 1483 4265 nale.

198 4279 234 4344 ef.
249 4278 294 4345 IV,
312 4284 352 4345 14,
364 4284 392 4333 2:
414 4278 620 4346 ‘videbamque
640 4280 746 4346 quanto
760 4277 885 4348 periculo
900 4278 935 4333 de
948 4278 1008 4333 iure
1022 4280 1136 4350 publico
1150 4280 1357 4351 disceptaretur
1371 4279 1482 4348 armis,

199 4351 236 4403 ad
255 4349 555 4419 Ae.vl11,111),s:
586 4351 649 4418 ‘ego
678 4349 903 4417 condicionibus,
932 4349 975 4403 illi
1003 4350 1088 4404 armis
1117 4350 1270 4422 disceptari
1297 4349 1481 4407 maluerunt'.

199 4421 258 4473 ulia
276 4423 385 4476 omuino
408 4423 532 4476 condicio
555 4428 594 4476 cat
617 4423 749 4488 locorum,
771 4440 836 4490 quos
855 4428 886 4475 ut
904 4420 1036 4475 civilibus
1059 4424 1212 4490 descenderet
1235 4423 1330 4477 areclis
1347 4422 1483 4479 Strec'chcr

199 4496 311 4559 (plot)
324 4494 333 4559 ΙΙ
348 4492 397 4562 sit]
408 4496 451 4545 est
465 4493 517 4546 clii
530 4495 539 4560 {l
554 4497 645 4546 1213.
658 4491 729 4545 nihil
744 4493 851 4545 factum
865 4508 926 4545 esse
941 4492 1018 4546 aliud
1029 4493 1057 4548 R
1071 4496 1080 4561 ΙΙ
1096 4499 1136 4547 13.
1147 4493 1259 4565 etipse]
1269 4493 1465 4576 quanqam
1480 4496 1483 4507 '

200 4567 240 4613 16.
265 4561 299 4615 de
323 4580 358 4616 m.
384 4562 516 4617 marcello
535 4564 576 4631 R,
605 4566 668 4618 benc
691 4566 700 4631 ΙΙ
724 4579 757 4614 ne
784 4562 885 4616 ominis
904 4563 932 4617 R
951 4571 975 4619 et
994 4565 1044 4617 Mc
1062 4567 1127 4633 (eice
1147 4566 1219 4634 Mf),
1244 4580 1280 4619 ne
1302 4563 1428 4619 homims
1448 4564 1483 4633 G,

200 4631 345 4686 neominus
359 4634 405 4686 Μι
419 4636 428 4703 ΙΙ
443 4640 485 4688 17.
506 4636 601 4688 autem
619 4654 669 4688 our.
685 4635 713 4687 R
726 4636 736 4701 ll
749 4633 777 4686 L.
794 4651 844 4688 om.
860 4634 887 4687 R
901 4637 910 4703 ΙΙ
925 4641 966 4688 18.
987 4634 1014 4689 C.
1030 4637 1136 4703 Baiter,
1156 4653 1219 4690 cum
1233 4638 1267 4703 a,
1287 4652 1352 4690 cum
1367 4634 1397 4690 C.
1412 4637 1465 4691 clii
1475 4650 1484 4701 ,¹

200 4707 241 4754 22.
261 4704 370 4757 caesari
388 4722 422 4759 ex
441 4721 538 4760 caesar
557 4703 798 4774 M⁰ssu010atium
817 4705 845 4759 R
858 4707 868 4773 ΙΙ
881 4704 905 4756 is
927 4706 994 4773 GR,
1014 4705 1058 4759 his
1078 4707 1113 4760 M
1124 4710 1134 4776 ΙΙ
1147 4712 1189 4762 23.
1210 4723 1271 4761 esse
1290 4706 1329 4760 M
1336 4710 1347 4777 l
1362 4712 1406 4761 24.
1426 4723 1483 4762 me·

200 4771 312 4827 hercule
332 4775 387 4831 GR
405 4780 473 4843 1127.
494 4776 607 4831 Caesari
626 4794 677 4832 cur.
696 4776 724 4830 R
