3286 5460
648 134 685 189 M.
705 134 812 189 TVLLI
831 132 1020 189 CICERONIS

728 296 800 362 xx.
838 295 942 383 (213.)

667 436 827 506 cronno
852 438 1008 506 eiuro,

166 585 177 629 1
288 566 471 651 Dupliciter
504 565 683 631 delectatus
716 585 788 629 sum
820 564 886 628 tuis
918 563 1054 647 litteris,
1086 567 1119 628 et
1147 565 1233 649 quod
1260 564 1329 650 ipse
1359 562 1418 628 risi
1445 568 1478 628 et

200 674 283 758 quod
313 678 345 737 te
374 673 520 738 intellexi
549 672 614 735 iam
645 691 740 753 posse
774 670 889 755 ridere3
922 692 973 734 me
1002 672 1112 735 autem
1139 693 1159 735 a
1187 675 1234 756 te,
1266 676 1304 735 ut
1330 692 1477 736 scurram

198 780 339 864 velitem,
363 781 457 844 malis
482 781 652 843 oneratum
677 798 756 861 esse,
779 798 845 841 non
868 777 1004 841 moleste
1027 775 1102 840 tuli:
1125 776 1206 841 illud
1229 777 1333 861 doleo,
1355 776 1391 841 in
1415 776 1479 841 ista
1502 794 1517 833 ⁵

198 888 270 952 loca
294 887 403 951 venire
428 908 488 966 me,
511 889 548 949 ut
572 883 816 967 constitueram,
839 905 906 948 non
923 882 1085 967 potuisse3
1107 882 1279 949 habuisses
1303 883 1391 948 enim
1413 904 1479 948 non

200 994 373 1078 hospitem,
397 992 452 1057 sed
476 990 750 1055 contubernalem.
792 994 945 1072 atquem
967 989 1086 1054 virum!
1125 1011 1192 1054 non
1215 1011 1298 1075 eum,
1320 1012 1418 1075 quem
1442 994 1478 1055 tu

200 1122 234 1164 es
259 1100 375 1164 solitus
399 1097 597 1183 promulside
627 1096 797 1160 conficere:
825 1094 989 1182 integram
1016 1095 1137 1161 famem
1165 1096 1205 1162 ad
1234 1119 1328 1162 ovum
1358 1095 1481 1181 adfero,

200 1207 310 1289 itaque
334 1228 434 1289 usque
460 1205 499 1268 ad
524 1226 633 1268 assum
652 1202 826 1266 vitulinum
851 1224 949 1286 opera
973 1203 1169 1287 perducitur.
1210 1202 1269 1268 illa
1292 1225 1375 1290 mea,
1396 1225 1479 1289 quae

201 1313 329 1377 solebas
360 1317 456 1375 antea
478 1310 623 1393 laudare,
653 1308 689 1373 ‘0
717 1309 884 1374 hominem
911 1307 1054 1375 facileml
1088 1308 1295 1394 ohospitem
1316 1331 1385 1375 non
1408 1314 1593 1397 gra-15³

201 1418 305 1484 veml'
329 1418 494 1502 abierunt;
517 1438 594 1481 nam
614 1438 743 1480 omnem
761 1420 909 1481 nostram
932 1415 970 1480 de
994 1438 1078 1500 rep.
1101 1438 1222 1500 curam,
1245 1417 1481 1503 cogitationem

203 1527 241 1589 de
275 1524 409 1589 dicenda
437 1525 470 1588 in
499 1527 611 1588 senatu
645 1523 820 1608 sententia,
852 1523 1159 1588 commentationem
1191 1544 1362 1589 causamm
1394 1523 1482 1589 abie-

204 1632 316 1714 cimus,
336 1631 369 1694 in
388 1629 522 1714 Epicuri
542 1651 609 1713 nos,
628 1628 804 1693 adversarii
822 1629 938 1711 nostri,
960 1634 1069 1695 castra
1087 1629 1271 1714 coiccimus,
1292 1651 1353 1696 nec
1371 1634 1483 1696 tamen

203 1739 243 1802 ad
270 1739 354 1802 hanc
382 1736 604 1817 insolentiam,
635 1737 689 1800 sed
717 1736 758 1800 ad
785 1736 877 1800 illam
905 1741 996 1801 tuam
1024 1736 1202 1821 lautitiam,
1229 1739 1373 1802 veterem
1400 1735 1484 1816 dico,

204 1868 277 1910 cum
305 1845 339 1908 in
368 1847 534 1927 sumptum
561 1842 720 1927 habebas,
750 1843 811 1907 etsi
839 1864 1017 1927 numquam
1044 1843 1139 1928 plura
1165 1843 1298 1928 praedia
1323 1842 1484 1909 habuisti.
1497 1840 1618 1902 1⁵³⁴

152 1970 183 2043 ο1
203 1952 336 2036 proinde
357 1956 389 2015 te
409 1973 501 2035 para:
521 1971 593 2014 cum
612 1948 743 2013 homine
763 1953 796 2013 et
815 1949 904 2013 edaci
923 1948 985 2013 tibi
1004 1971 1055 2015 res
1075 1955 1126 2016 est
1145 1955 1179 2015 et
1197 1950 1254 2035 qui
1272 1949 1338 2014 iam
1357 1950 1484 2037 aliquid

203 2059 388 2143 intellegat,
425 2058 605 2141 ὀψιμαθεῖς
641 2060 749 2119 autem
785 2055 934 2120 homines
968 2056 1032 2121 scis
1064 2078 1163 2142 quam
1195 2055 1373 2122 insolentes
1406 2057 1484 2123 sint

204 2165 413 2230 dediscendae
443 2163 504 2227 tibi
535 2167 612 2227 sunt
645 2161 819 2246 sportellae
847 2167 882 2226 et
909 2163 1093 2249 artologani
1120 2163 1186 2229 tui:
1217 2185 1278 2228 nos
1311 2163 1379 2228 iam
1412 2164 1484 2248 †ex

204 2273 284 2336 artis
309 2276 437 2335 tantum
459 2269 626 2352 habemus,
650 2271 687 2332 ut
708 2267 857 2333 Verrium
881 2273 974 2334 tuum
998 2275 1032 2334 et
1050 2268 1225 2336 Camillum
1243 2291 1370 2355 -qua
1391 2292 1484 2337 mun·

205 2379 284 2443 ditia
302 2377 461 2458 homines,
486 2398 550 2458 qua
572 2374 748 2460 elegantia!
772 2397 950 2440 -vocare
970 2375 1098 2460 saepius
1118 2376 1302 2441 audeamus.
1333 2377 1391 2442 sed
1411 2377 1485 2443 vide
1499 2393 1525 2432 ²⁰

205 2485 385 2550 audaciam:
404 2484 507 2555 etiam
526 2481 636 2545 Hirtio
657 2502 769 2544 cenam
793 2481 874 2564 dedi,
897 2480 967 2546 sine
989 2503 1114 2567 pavone
1138 2486 1263 2569 tamen3
1285 2482 1319 2547 in
1342 2505 1382 2548 ea
1405 2505 1487 2550 cena

170 2612 185 2658 3
207 2614 301 2657 cocus
333 2612 423 2655 meus
452 2592 581 2673 praeter
607 2588 658 2652 ius
686 2586 813 2651 fervens
841 2588 923 2652 nihil
951 2587 1061 2674 <ncn>
1088 2588 1197 2673 potuit
1224 2589 1356 2654 imitari.
1403 2589 1487 2656 haec

207 2699 309 2783 igitur
333 2702 383 2760 est
406 2718 491 2760 nunc
519 2695 587 2759 vita
612 2700 739 2758 nostra:
770 2717 863 2759 mane
892 2696 1072 2760 salutamus
1100 2695 1188 2761 domi
1211 2700 1245 2761 et
1267 2697 1371 2761 bonos
1396 2696 1486 2761 viros

207 2804 342 2887 multos,
370 2803 425 2866 sed
449 2802 568 2885 tristis,
599 2805 631 2864 et
653 2801 714 2864 hos
737 2801 841 2866 laetos
866 2801 1019 2885 victores,
1047 2803 1103 2886 qui
1126 2825 1178 2867 me
1201 2802 1332 2888 quidem
1352 2801 1486 2887 peroffi-

207 2909 291 2973 ciose
321 2914 353 2973 et
381 2913 585 2993 peramanter
615 2908 802 2992 observant3
834 2909 891 2972 ubi
919 2908 1074 2973 salutatio
1103 2909 1251 2993 defluxit,
1279 2908 1402 2974 litteris
1433 2930 1525 2975 mess

207 3016 350 3078 involvo:
380 3018 436 3078 aut
460 3015 567 3080 scribo
591 3019 648 3078 aut
671 3016 759 3099 leg03
783 3015 917 3079 veniunt
940 3015 1052 3100 etiam,
1077 3014 1132 3100 qui
1156 3036 1206 3080 mc
1231 3015 1366 3080 audiunt
1390 3017 1488 3101 qnasi

207 3122 339 3185 doctum
363 3120 542 3203 hominem,
566 3121 641 3203 quia
664 3121 762 3204 paulo
786 3143 858 3184 sum
882 3143 980 3204 quam
1004 3120 1067 3206 ipsi
1091 3122 1230 3205 doeti0r3
1257 3122 1331 3187 inde
1354 3123 1488 3208 corpori

208 3250 302 3293 omne
322 3232 450 3311 tempus
471 3227 573 3292 datur.
611 3228 751 3311 patriam
771 3227 857 3291 eluxi
881 3227 947 3291 ianr
970 3232 1003 3292 et
1027 3228 1158 3314 gravius
1178 3232 1212 3293 et
1230 3226 1361 3311 diutius,
1386 3252 1488 3313 quam

207 3335 274 3398 ulla
302 3337 407 3397 mater
434 3332 565 3398 unicum
595 3335 708 3398 filium.
753 3333 809 3397 sed
837 3355 926 3416 cura,
957 3335 985 3398 si
1013 3357 1064 3400 me
1093 3357 1197 3419 amas,
1227 3339 1265 3399 ut
1291 3335 1416 3418 valeas,
1445 3357 1489 3402 ne

208 3462 268 3525 ego
297 3445 328 3504 te
356 3440 480 3504 iacente
513 3440 598 3503 bona
631 3444 687 3503 tua
720 3439 894 3522 comedim3
927 3441 1028 3504 statui
1062 3441 1148 3505 enim
1180 3440 1242 3506 tibi
1274 3462 1314 3506 ne
1347 3447 1487 3528 aegroto
1501 3463 1528 3501 ao

208 3546 338 3629 quidem
361 3567 498 3630 parcere.

297 3726 321 3774 4.
342 3725 365 3772 5.
386 3737 509 3773 scurram
529 3719 654 3792 velitem]
674 3723 709 3786 cs.
726 3726 757 3776 0.
771 3723 891 3777 Ribbeck
904 3723 1005 3777 Attal.
1024 3724 1051 3777 d.
1069 3724 1154 3778 sudo.
1171 3724 1232 3778 Ges.
1251 3724 1278 3777 d.
1298 3722 1380 3777 Wisr.
1394 3721 1488 3777 XXIII

210 3794 300 3859 (1888)
317 3809 345 3859 p.
362 3797 395 3843 59
405 3808 442 3860 sp.
457 3795 466 3859 11
481 3798 505 3844 9.
525 3790 668 3844 uitilinum
686 3793 728 3859 M,
748 3791 907 3846 uitellinum
922 3793 984 3847 HD
997 3796 1006 3862 ΙΙ
1020 3794 1113 3920 quae}
1125 3811 1210 3862 quam
1226 3795 1278 3862 ΨΙΙ
1292 3797 1333 3847 11.
1353 3791 1489 3848 abierunt

209 3863 246 3927 D,
266 3861 418 3914 habierunt
435 3863 476 3929 M,
520 3861 657 3926 abierunt,
677 3870 691 3915 1
712 3865 763 3917 litt.
783 3863 813 3930 (h
823 3868 846 3931 1)
866 3882 913 3932 er,
932 3865 966 3918 Η
975 3867 985 3933 ΙΙ
998 3883 1064 3918 num
1113 3881 1195 3931 ,non
1214 3866 1255 3932 M,
1274 3882 1325 3919 orn.
1345 3862 1384 3918 H.
1412 3881 1488 3919 nunc

211 3934 249 3988 uel
267 3950 317 3986 nos
337 3934 389 3986 alii
402 3936 410 4001 11
433 3938 473 3986 13.
494 3935 586 3987 castra
605 3933 673 4001 HD,
694 3936 820 3988 cassatra
839 3936 876 3988 M
886 3937 895 4003 ΙΙ
909 3935 1077 3989 coniecimus
1096 3935 1158 3990 HD
1175 3939 1184 4005 ΙΙ
1205 3941 1244 3992 16,
1264 3933 1377 3989 homine
1396 3937 1427 3989 et
1444 3936 1488 4004 M,

210 4003 320 4057 homine
345 4002 419 4056 enim
439 4007 466 4056 et
485 4003 527 4070 D,
554 4003 666 4057 homine
686 4004 719 4057 Η
739 4008 748 4073 11
772 4011 812 4059 18.
834 4006 983 4074 sportellae
1002 4006 1096 4074 MD’,
1121 4006 1264 4076 sportulae
1282 4005 1355 4061 HD¹
1378 4008 1389 4075 ΙΙ
1413 4008 1488 4061 arto·

210 4074 308 4144 lagyni
320 4078 350 4126 Ψ
362 4077 371 4143 11
386 4080 426 4127 18.
440 4080 480 4128 19.
496 4091 529 4127 ex
545 4074 626 4145 artis]
645 4075 714 4128 artis
730 4078 769 4130 cel
787 4075 873 4130 etiam
888 4077 956 4130 artis
972 4095 997 4145 ς,
1016 4095 1050 4132 ex
1069 4077 1177 4131 artibus
1194 4077 1286 4144 Orellr',
1306 4093 1341 4130 ex
1354 4079 1417 4132 arte
1431 4076 1489 4132 ista

212 4146 320 4199 Krousa
339 4147 410 4212 (ἐπι.
430 4146 484 4199 Cic.
504 4147 555 4214 ep.²
573 4149 675 4216 1229),
700 4146 908 4202 exercitationis
926 4150 1021 4203 Buaclr
1039 4149 1150 4216 (Phr'lol.
1171 4147 1253 4202 XXV.
1275 4152 1352 4201 1867.
1369 4165 1399 4216 p.
1416 4151 1488 4217 353),

211 4215 367 4283 exquisitae
382 4215 450 4269 artis
467 4217 633 4287 Wesenberp.
661 4219 728 4271 milri
743 4220 878 4273 Graecum
892 4221 1050 4274 vocobulum
1070 4221 1152 4275 latere
1169 4221 1294 4275 cicietur:
1313 4217 1490 4287 ὀψαρτυσίας

210 4289 251 4340 erl
266 4290 359 4355 polius
379 4286 567 4356 ὀψαρτυτικῆς
590 4291 599 4356 ll
623 4294 663 4341 19.
684 4294 726 4342 90.
745 4306 830 4356 quam
849 4289 989 4344 munditia
1007 4292 1042 4344 M
1063 4293 1072 4360 ll
1096 4296 1136 4343 21.
1157 4290 1243 4344 etiarn
1262 4291 1307 4357 Μ,
1332 4306 1383 4344 om.
1404 4290 1467 4345 HD
1487 4294 1490 4347 i

212 4363 254 4412 99,
274 4376 329 4411 non
353 4361 416 4412 odd.
438 4360 523 4413 Orelli
549 4363 558 4428 11
585 4364 626 4412 23.
652 4357 712 4412 uita
736 4363 832 4413 nostra
856 4379 929 4415 nunc
953 4361 987 4415 H
1006 4364 1015 4431 11
1038 4368 1079 4417 95.
1100 4367 1141 4416 96.
1165 4361 1267 4415 litteris
1291 4378 1335 4414 rue
1361 4360 1489 4435 involvo]

212 4431 247 4493 cf.
267 4430 389 4483 Antros.
409 4430 441 4483 de
459 4431 512 4495 tr'de
530 4430 541 4482 Ι
562 4435 604 4496 15,
620 4436 653 4482 99
673 4437 691 4484 t.
711 4430 736 4482 ll
751 4449 780 4499 p.
796 4437 846 4483 551
865 4434 984 4503 cripte:
1011 4432 1075 4486 ‘sed
1094 4449 1150 4486 non
1168 4449 1212 4486 me
1232 4432 1344 4486 involvo
1364 4430 1463 4486 libria’
1479 4438 1489 4501 r!

214 4504 255 4551 96.
267 4499 385 4552 audiant
394 4502 446 4553 ulii
460 4503 468 4566 11
483 4506 524 4553 99.
536 4501 584 4553 sed
599 4506 752 4554 cura-31.
763 4519 876 4569 parcere
887 4506 977 4569 orlsert
988 4505 1098 4557 Nonius·
1108 4509 1186 4572 pst,
1198 4509 1232 4555 30
1245 4503 1326 4558 Mero.
1342 4503 1392 4571 (tl
1400 4522 1431 4572 p.
1440 4510 1490 4558 115

215 4569 249 4622 M
251 4571 308 4637 1111.)
322 4572 357 4636 cs.
370 4573 475 4625 Gai-litt
485 4589 578 4641 propr.
594 4572 709 4641 Steplitr.
728 4577 802 4625 1998.
815 4580 884 4641 1199
899 4578 907 4641 ΙΙ
922 4582 963 4628 39.
979 4574 1115 4628 comedim
1127 4576 1199 4629 Non.
1211 4576 1251 4642 M,
1271 4573 1418 4629 comedam
1429 4575 1492 4631 HD
