3314 5460
418 393 434 429 ο
529 378 786 433 EPISTVLARVM
804 378 863 433 XII.
883 384 926 434 23.
946 384 989 434 24.
1009 384 1050 432 25.

668 613 787 679 xxiv.
823 612 925 700 (aaa.)

524 774 709 878 <cronno
735 771 991 840 conmercia
1017 772 1069 857 s>
1173 821 1174 825 .

245 940 318 1025 Ego
350 938 477 1003 nullum
509 938 617 1002 locum
649 936 945 1020 praetermitto-
966 958 1026 1000 nec
1058 937 1144 1001 enim
1177 937 1278 1002 debeo
1302 975 1345 983 —
1368 952 1468 1002 noar

154 1047 253 1110 modo
275 1043 428 1109 laudandi
451 1043 510 1127 tui,
533 1042 589 1107 sed
612 1064 652 1106 ne
676 1042 812 1105 ornandi
836 1043 980 1126 quidem3
1004 1044 1059 1107 sed
1085 1066 1157 1107 mea
1175 1045 1284 1108 studia
1303 1065 1381 1128 erga
1403 1048 1434 1107 te

126 1158 190 1217 eet
218 1151 326 1216 officia
354 1151 441 1216 malo
469 1150 531 1214 tibi
559 1171 598 1214 ex
626 1153 756 1214 tuorum
787 1148 906 1213 litteris
935 1172 1032 1233 quam
1061 1173 1099 1214 ex
1132 1150 1211 1215 meis
1245 1173 1315 1214 esse
1347 1155 1434 1215 nota.

154 1268 188 1323 te
214 1264 323 1322 tamen
346 1257 470 1340 hortor,
495 1262 531 1321 ut
555 1256 643 1320 omni
668 1277 745 1319 cura
767 1256 802 1319 in
824 1277 892 1320 rem
914 1278 943 1339 p.
967 1256 1152 1321 incumbas:
1175 1258 1237 1322 hoc
1257 1263 1307 1322 est
1326 1257 1435 1340 animi,

154 1365 218 1431 hoc
237 1369 288 1429 est
307 1365 429 1450 ingenii
448 1364 507 1448 tui,
528 1363 592 1429 hoc
610 1364 679 1427 eius
702 1363 779 1446 spei,
804 1383 901 1445 quam
919 1362 1039 1428 habere
1059 1365 1165 1448 debes,
1189 1364 1434 1449 amplificandae

155 1472 328 1559 dignitatis
352 1475 438 1536 tuae.
479 1471 535 1535 sed
558 1470 618 1535 hac
642 1471 680 1534 de
700 1492 734 1534 re
754 1469 834 1532 alias
855 1469 894 1533 ad
914 1475 946 1533 te
966 1471 1128 1555 pluribus3
1151 1493 1225 1536 cum
1248 1472 1333 1536 enim
1355 1473 1470 1537 haeca

155 1579 355 1663 scribebam,
381 1578 416 1641 in
439 1577 663 1661 expectatione
692 1581 783 1640 erant
813 1577 933 1639 omnia:
961 1578 1105 1641 nondum
1134 1578 1235 1663 legati
1264 1580 1436 1664 redierant,

114 1708 239 1771 roquos
272 1689 406 1749 senatus
434 1709 498 1749 non
532 1686 571 1748 ad
599 1705 712 1768 pacem
745 1683 997 1768 deprecandam,
1029 1685 1083 1748 sed
1112 1685 1152 1748 ad
1181 1685 1435 1750 denuntiandum

155 1793 279 1857 bellum
308 1792 456 1877 miserat,
487 1792 551 1856 nisi
578 1790 762 1876 legatorum
790 1789 905 1854 nuntio
935 1792 1106 1874 paruisset.
1152 1814 1214 1876 ego
1242 1798 1366 1877 tamen,
1398 1798 1436 1856 ut

155 1900 300 1984 primum
324 1898 451 1963 occasio
480 1898 557 1962 data
584 1901 648 1982 est,
680 1920 752 1961 meo
780 1896 919 1980 pristino
948 1920 1036 1962 more
1065 1921 1133 1963 rem
1156 1923 1185 1983 p.
1210 1899 1351 1964 defendi:
1385 1922 1436 1964 me

156 2006 338 2091 principem
361 2005 488 2068 senatui
511 2005 695 2089 populoque
719 2002 755 2067 R.
780 2004 947 2087 professas
976 2027 1062 2089 sum,
1091 2028 1150 2070 nec
1177 2011 1305 2091 postea,
1339 2029 1436 2090 quam

156 2113 286 2198 suscepi
309 2134 440 2177 causam
465 2112 642 2195 libertatis,
673 2111 843 2175 minimum
872 2115 1001 2195 tempus
1030 2113 1125 2177 amisi
1153 2114 1291 2178 tuendae
1320 2113 1436 2177 salutis

114 2250 141 2288 rs
155 2219 386 2303 libertatisque
410 2219 600 2283 communis.
638 2220 693 2282 sed
711 2219 791 2283 haec
811 2240 939 2302 quoque
959 2223 991 2282 te
1012 2242 1049 2283 ex
1069 2219 1141 2283 aliis
1161 2220 1256 2284 malo.
1294 2220 1330 2283 T.
1346 2220 1472 2285 Pina-3
1566 2257 1572 2269 ·

156 2328 252 2410 rium,
270 2324 564 2391 familiarissimum
583 2348 700 2410 meum,
719 2329 812 2389 tanto
831 2325 892 2389 tibi
913 2326 1023 2390 studio
1042 2327 1241 2411 commenda,
1259 2332 1298 2391 ut
1315 2328 1438 2391 maiore

155 2458 222 2498 non
245 2432 385 2518 possim3
415 2432 564 2498 cuicum
592 2436 727 2517 propter
755 2454 867 2496 omnes
896 2432 1049 2517 virtutes,
1078 2437 1149 2497 tum
1177 2433 1276 2497 etiam
1304 2438 1439 2518 propter

156 2541 267 2606 studia
290 2539 475 2605 communia
494 2561 566 2603 sum
587 2540 821 2604 amicissumos.
858 2539 886 2602 is
905 2544 1059 2623 procurat
1078 2541 1222 2604 rationes
1240 2541 1438 2625 negotiaque

155 2647 309 2731 Dionysii
327 2647 442 2729 nostri,
461 2669 557 2730 quem
578 2652 611 2712 et
629 2652 666 2710 tu
685 2646 824 2709 multum
844 2668 934 2710 amas
954 2651 986 2711 et
1005 2668 1066 2732 ego
1082 2648 1227 2712 omnium
1246 2648 1438 2731 plurimum:

113 2777 196 2822 acea
218 2754 281 2818 tibi
305 2775 366 2838 ego
389 2775 456 2818 non
479 2754 580 2819 debeo
608 2753 848 2836 commendare,
876 2754 931 2817 sed
961 2754 1151 2819 commendo
1179 2757 1297 2818 tamen.
1338 2755 1437 2821 facies

155 2862 268 2948 igitur,
292 2864 329 2925 ut
351 2881 390 2924 ex
408 2859 542 2946 Pinarii,
565 2861 746 2946 gratissimi
768 2860 920 2944 hominis,
944 2861 1064 2926 litteris
1084 2867 1177 2926 tuum
1195 2866 1229 2925 et
1248 2882 1325 2946 erga
1344 2861 1438 2927 illum

155 2974 191 3032 et
213 2989 293 3054 erga
316 2967 511 3053 Dionysium
535 2968 679 3033 studium
702 2968 946 3052 perspiciamus.

676 3199 779 3264 xxv.
818 3197 922 3286 (an.)

549 3358 710 3425 cronno
736 3357 992 3426 coanimare
1019 3360 1050 3425 a.

114 3552 141 3589 aa
248 3519 454 3587 Liberalibus
482 3522 610 3586 litteras
639 3522 748 3604 accepi
776 3527 864 3604 tuas,
897 3544 977 3605 quas
1007 3522 1086 3585 mihi
1112 3523 1305 3587 Cornificius
1334 3523 1471 3596 alter01

156 3629 346 3693 vicensumo
371 3629 436 3712 die,
459 3633 496 3692 ut
519 3629 662 3714 dicebat,
686 3628 838 3692 reddidit:
866 3650 904 3692 eo
928 3627 979 3691 die
1003 3651 1068 3691 non
1092 3628 1155 3691 fuit
1180 3633 1311 3692 senatus
1335 3651 1438 3712 neque

155 3740 300 3819 postero.
334 3733 592 3819 Quinquatribus
611 3734 773 3818 frequenti
794 3738 909 3797 senatu
929 3756 1060 3798 causam
1079 3740 1168 3798 tuam
1190 3735 1242 3820 egi
1257 3757 1322 3798 non
1337 3734 1440 3798 invita

155 3841 318 3926 Minerva3
347 3842 467 3907 etenim
492 3865 529 3906 eo
553 3842 625 3925 ipso
654 3842 705 3905 die
734 3845 866 3904 senatus
895 3841 1050 3925 decrevit,
1078 3846 1114 3905 ut
1144 3840 1290 3906 Minerva
1316 3846 1439 3925 nostra,

155 3954 267 4014 custos
286 3949 388 4035 urbis,
407 3971 503 4032 quam
523 3950 621 4012 turbo
637 3948 805 4030 deiecerat,
824 3946 1059 4011 restitueretur.
1093 3947 1199 4012 Pansa
1217 3952 1291 4012 tuas
1311 3949 1438 4013 litteras

113 4084 141 4122 ao
155 4056 322 4121 recitavit:
341 4057 490 4140 †magna
509 4058 640 4120 senatus
656 4054 848 4138 adprobatio
863 4059 1069 4118 consecutast
1085 4076 1158 4118 cum
1173 4077 1299 4118 summo
1320 4057 1438 4141 gaudio

247 4271 271 4322 3.
292 4272 316 4321 4.
335 4284 392 4321 non
411 4266 494 4321 modo
518 4266 635 4321 ornandi
658 4266 713 4333 tui,
743 4266 791 4319 sed
818 4281 853 4319 ne
875 4265 1012 4319 laudandi
1032 4264 1145 4334 quidem
1164 4268 1188 4320 I.
1204 4265 1240 4320 F.
1257 4266 1413 4321 Gronovius
1431 4268 1439 4319 ,l

156 4345 182 4392 6.
199 4338 252 4392 hoc
266 4338 312 4392 est
325 4337 413 4392 animi
425 4338 467 4406 M,
481 4356 532 4392 om.
548 4338 609 4392 HD
624 4339 777 4407 &caeterea
789 4338 882 4405 plures
896 4339 1087 4405 contaminati)
1101 4340 1110 4406 ΙΙ
1125 4344 1148 4391 9.
1164 4340 1244 4390 arant
1258 4356 1291 4391 ra·
1306 4355 1382 4391 eram
1393 4339 1425 4391 H
1436 4390 1437 4395 ,

158 4415 201 4463 12.
221 4408 348 4480 defendi]
368 4408 538 4463 defendendi
552 4410 665 4464 Ernesti
679 4412 688 4477 11
704 4413 744 4463 18.
765 4407 952 4462 amicissimus
967 4409 1028 4463 HD
1041 4412 1050 4477 ll
1064 4425 1113 4478 pro
1133 4410 1231 4462 curata
1249 4409 1372 4461 rationes
1388 4409 1421 4461 M
1430 4408 1440 4492 Il

156 4486 201 4535 19.
221 4486 263 4535 ⁶20.
282 4478 436 4549 plurimum
450 4497 484 4534 aa
498 4479 553 4534 tibi
568 4480 731 4534 commendo
746 4482 841 4532 tamen
856 4480 905 4533 sed
920 4498 975 4533 non
988 4479 1076 4533 debeo
1088 4479 1282 4533 commendare
1292 4479 1379 4533 facies
1390 4480 1424 4533 H
1436 4485 1439 4547 ζ

154 4558 201 4605 25.
220 4551 318 4620 accepi
336 4551 446 4606 litteras
465 4551 495 4605 D
517 4554 526 4620 ΙΙ
549 4558 592 4606 ab.
612 4557 653 4606 26.
674 4551 763 4605 altero
782 4550 956 4621 uicenaumo]
982 4550 1071 4604 altero
1095 4550 1185 4604 uicem
1209 4568 1270 4603 sum
1294 4551 1379 4604 hodie
1397 4552 1438 4620 M,

153 4622 249 4677 altera
275 4621 338 4676 uice
365 4639 473 4676 summo
498 4623 543 4676 die
567 4624 609 4691 H,
639 4624 727 4677 altero
752 4622 885 4676 uicesimo
911 4624 947 4678 D.
990 4625 1022 4676 dc
1045 4625 1220 4677 collocatione
1244 4624 1277 4687 cs.
1299 4624 1440 4677 llellmutlr

148 4712 248 4766 propr.
264 4695 434 4765 Wirceburq.
456 4699 532 4749 1888.
548 4713 577 4763 p.
595 4701 626 4747 12
642 4696 707 4763 1130.
727 4697 906 4748 consecutast
924 4696 978 4763 (ta
997 4697 1041 4747 est
1059 4694 1105 4761 Η)
1126 4694 1199 4760 MH,
1219 4695 1316 4746 secuta
1335 4697 1379 4747 est
1392 4695 1442 4763 Dll

152 4781 267 4820 summo
286 4765 403 4836 gaudio]
428 4783 536 4820 summo
560 4765 664 4837 (meo)
688 4765 793 4835 gaudio
813 4766 924 4832 Baiter,
950 4781 1058 4818 summo
1081 4763 1185 4834 gaudio
1206 4764 1371 4837 (omnium)
1390 4766 1441 4835 (val

153 4836 299 4910 (nosue)
318 4838 359 4893 vel
377 4841 447 4906 sior.)
467 4838 558 4893 Klots.
588 4854 697 4891 summo
716 4836 781 4890 odio
801 4839 898 4892 Sobata
