3286 5460
542 383 799 439 EPISTVLARVM
817 384 877 440 VH.
897 389 939 441 26.
958 390 1000 440 27.
1020 389 1062 441 28.

658 688 809 755 xxvm
842 687 947 779 (214.)
1028 695 1032 714 ’

545 850 588 915 n.
612 848 770 916 cronno
797 850 828 916 s,
853 850 891 915 o.
914 848 1059 916 ovalo.

251 1012 399 1094 Memini,
432 1033 505 1076 cum
532 1011 613 1076 mihi
641 1012 787 1096 desipere
816 1011 981 1095 videbare,
1012 1012 1097 1096 quod
1125 1034 1199 1076 cum
1225 1011 1297 1076 istis
1327 1012 1469 1096 potiusl

161 1119 286 1185 viveres
312 1141 411 1204 quam
437 1118 620 1204 nobiscum3
652 1124 723 1184 erat
751 1118 837 1183 enim
864 1119 968 1183 multo
996 1117 1196 1184 domicilium
1223 1118 1319 1183 liuius
1346 1120 1437 1184 urbis

138 1251 205 1290 s—
230 1250 304 1293 cum
332 1225 462 1312 quidem
490 1226 571 1291 haec
599 1227 677 1290 urbs
703 1263 741 1273 -
767 1227 875 1311 aptius
902 1225 1099 1291 humanitati
1127 1229 1161 1289 et
1183 1224 1337 1290 suavitati
1361 1231 1436 1291 tuae

162 1356 262 1418 quam
294 1338 365 1399 tota
392 1330 650 1418 Peloponnesus,
682 1334 801 1397 nedum
828 1331 959 1396 Patrae:
991 1355 1076 1398 nunc
1109 1337 1224 1398 contra
1256 1337 1289 1396 et
1319 1331 1437 1397 vidisse

160 1440 243 1506 mihi
266 1442 405 1506 multum
429 1440 561 1525 videris,
589 1462 663 1505 cum
690 1462 790 1525 prope
819 1438 998 1523 desperatis
1026 1439 1078 1503 his
1106 1440 1203 1504 rebus
1226 1442 1259 1502 tc
1283 1439 1317 1503 in
1341 1438 1437 1504 Grae-

161 1548 246 1614 ciam
270 1547 449 1632 contulisti,
473 1551 506 1612 et
529 1546 591 1612 hoc
615 1551 761 1632 tempore
785 1569 850 1611 non
873 1546 978 1612 solum
1002 1544 1140 1632 sapiens,
1163 1546 1219 1630 qui
1241 1546 1318 1611 hinc
1342 1547 1438 1632 apsis,

161 1654 217 1719 sed
245 1654 346 1719 etiam
373 1655 504 1737 beatus,
539 1677 736 1739 quamquam
764 1653 851 1738 quis,
879 1653 934 1737 qui
963 1651 1085 1737 aliquid
1113 1652 1232 1738 sapiat,
1258 1676 1344 1719 nunc
1367 1675 1437 1718 esse

138 1761 278 1826 ›beatus
301 1761 435 1846 potest?
466 1761 530 1842 scd,
554 1761 639 1845 quod
663 1765 709 1845 tu,
732 1761 784 1826 cui
806 1759 937 1843 licebat,
959 1759 1095 1844 pedibus
1118 1782 1153 1825 es
1176 1763 1377 1843 consecutus,
1400 1765 1472 1825 uta

160 1869 206 1933 ibi
230 1890 328 1952 esses,
350 1866 420 1932 ‘ubi
442 1890 501 1934 nec
524 1866 767 1952 Pelopidarum'
795 1904 831 1913 —
857 1866 945 1932 nosti
969 1871 1077 1931 cetera
1102 1903 1151 1951 —,
1173 1889 1233 1933 nos
1256 1868 1342 1931 idem
1364 1889 1437 1951 pro-

160 1975 335 2060 pemodum
363 1975 592 2059 consequimur
620 1975 685 2040 alia
708 1975 849 2060 ratione3
882 1996 954 2039 cum
980 1973 1065 2037 enim
1088 1974 1278 2040 salutationi
1303 1997 1362 2040 nos
1386 1975 1437 2040 de

161 2081 267 2147 dimus
298 2082 490 2167 amicorum,
523 2105 605 2166 quae
635 2083 674 2146 fit
701 2083 764 2147 hoc
794 2080 893 2146 etiam
922 2080 1138 2165 frequentius,
1171 2104 1269 2165 quam
1302 2082 1437 2166 solebat,

161 2189 247 2272 quod
278 2189 371 2272 quasi
401 2210 494 2253 avem
524 2188 632 2253 albam
663 2188 813 2253 videntur
844 2188 926 2252 bene
959 2187 1153 2252 sentientem
1185 2188 1288 2253 civem
1320 2189 1437 2273 videre,

161 2296 243 2361 abdo
267 2318 319 2360 me
342 2296 377 2360 in
400 2295 641 2361 bibliothecam.
688 2296 799 2379 itaque
828 2316 927 2380 opera
954 2293 1060 2358 efficio
1091 2298 1196 2380 tanta,
1225 2300 1348 2378 quanta
1375 2295 1437 2361 for·

160 2406 247 2467 tasse
271 2406 307 2467 tu
332 2403 468 2488 senties3
490 2402 637 2467 intellexi
657 2401 743 2467 enim
763 2425 801 2466 ex
820 2406 878 2466 tuo
898 2422 1046 2465 sermone
1066 2401 1216 2485 quodam,
1239 2424 1313 2466 cum
1332 2426 1437 2468 meam

160 2509 358 2572 maestitiam
391 2513 425 2573 et
457 2509 717 2594 desperationem
748 2529 915 2574 accusares
947 2507 1035 2571 domi
1065 2512 1154 2592 tuae,
1187 2509 1309 2574 discere
1337 2514 1370 2573 te
1398 2499 1435 2573 eri

160 2614 238 2679 meis
262 2614 356 2679 libris
381 2615 526 2679 animum
548 2638 657 2680 meum
680 2615 876 2698 desiderare;
904 2613 960 2677 sed
985 2613 1126 2677 mercule
1145 2619 1178 2678 et
1197 2619 1266 2679 tum
1290 2639 1358 2680 rem
1381 2633 1472 2701 pua

159 2719 279 2786 blicam
303 2721 470 2807 lugebam,
498 2744 579 2806 quae
602 2744 669 2786 non
692 2721 806 2786 solum
822 2720 889 2785 suis
913 2719 1035 2804 (erga)
1060 2742 1126 2805 me,
1153 2722 1208 2785 sed
1232 2723 1331 2787 etiam
1355 2722 1436 2787 meis

159 2848 237 2913 erga
269 2850 304 2893 se
337 2828 503 2895 beneficiis
536 2832 606 2893 erat
636 2827 717 2893 mihi
745 2827 836 2911 <vita
859 2826 953 2910 mea>
981 2826 1099 2909 carior,
1131 2831 1164 2891 et
1192 2828 1254 2894 hoc
1282 2833 1437 2913 tempore,

159 2955 357 3018 quamquam
385 2958 436 3000 me
464 2957 530 3000 non
558 2936 643 3001 ratio
668 2935 774 3000 solum
797 2933 999 3017 consolatur,
1027 2954 1108 3016 quae
1137 2933 1312 3017 plurimum
1341 2935 1437 2999 debet

157 3041 280 3120 valere,
312 3042 368 3107 sed
396 3042 495 3106 etiam
523 3043 606 3126 dies,
639 3064 721 3126 quae
751 3040 862 3105 stultis
891 3061 1020 3124 quoque
1048 3037 1170 3104 mederi
1198 3039 1294 3125 solet,
1328 3045 1437 3106 tamen

156 3146 252 3211 doleo
271 3147 320 3210 ita
341 3169 410 3212 rem
434 3170 640 3213 communem
663 3170 734 3214 esse
757 3148 925 3231 dilapsam,
949 3151 986 3209 ut
1004 3168 1045 3210 ne
1069 3168 1143 3230 spes
1167 3147 1297 3231 quidem
1321 3149 1436 3214 melius

153 3252 333 3338 aliquando
356 3255 427 3318 fore
450 3255 661 3339 relinquatur.
698 3278 757 3320 nec
781 3277 857 3320 vero
881 3275 966 3319 nuuc
991 3253 1121 3337 quidem
1146 3253 1242 3339 culpa
1264 3254 1298 3318 in
1319 3277 1358 3320 eo
1378 3260 1437 3340 est,

159 3360 194 3424 in
219 3361 311 3425 cuius
334 3365 497 3445 potestate
521 3363 631 3427 omnia
653 3367 730 3427 aunt
754 3400 795 3407 —
819 3359 884 3426 nisi
907 3360 994 3425 forte
1017 3359 1050 3424 id
1073 3359 1181 3443 ipsum
1204 3383 1274 3426 esse
1297 3384 1363 3426 non
1386 3364 1437 3428 de

144 3467 230 3532 buit
257 3505 307 3549 -,
334 3469 390 3532 sed
418 3468 483 3532 alia
510 3491 600 3554 casu,
629 3469 693 3533 alia
722 3469 821 3533 etiam
843 3472 957 3532 nostra
981 3467 1077 3551 eulpa
1100 3467 1147 3531 sic
1170 3468 1369 3554 acciderunt,
1400 3473 1437 3533 ut

143 3573 194 3638 de
223 3574 412 3657 praeteritis
440 3598 506 3641 non
534 3577 578 3640 sit
607 3576 812 3661 querendum.
860 3574 1019 3657 reliquam
1052 3595 1143 3657 spem
1175 3574 1299 3639 nullam
1330 3576 1436 3662 video,

144 3701 259 3764 quare
286 3680 326 3745 ad
354 3682 459 3765 prima
488 3682 595 3747 redeo:
629 3683 793 3766 sapienter
819 3681 899 3746 haec
928 3680 1104 3764 reliquisti,
1132 3680 1160 3744 si
1189 3681 1338 3764 consilio,
1368 3681 1436 3746 feli-

139 3786 249 3869 citer,
274 3787 302 3850 si
326 3809 411 3852 casu.

246 4019 271 4068 4.
295 4015 378 4069 nobis
403 4016 429 4072 G
455 4020 465 4086 11
493 4024 516 4072 5.
547 4018 611 4071 urbs
639 4017 737 4142 (fuitp
760 4017 921 4087 Wesenberp
951 4019 961 4086 11
993 4021 1017 4071 6.
1044 4019 1125 4086 patre
1149 4017 1225 4085 MG,
1253 4020 1361 4087 patrem
1385 4020 1437 4091 Rll

138 4090 177 4142 Β.
199 4084 251 4154 qui
274 4087 320 4153 M,
344 4087 420 4155 quod
444 4089 499 4143 GR
526 4092 535 4158 11
564 4095 604 4144 11.
625 4089 685 4160 ubi]
740 4089 829 4142 ibbeck
851 4089 886 4154 fr.
911 4090 996 4159 trop.²
1015 4106 1044 4157 1²·
1059 4094 1111 4141 252
1139 4090 1148 4157 11
1175 4090 1375 4158 pelopedarum
1399 4092 1435 4158 R,

138 4156 252 4228 pelopi
271 4157 378 4211 clarum
398 4161 424 4214 G
452 4163 461 4228 11
490 4166 530 4214 12.
551 4178 601 4215 nos
622 4158 786 4214 salutationi
807 4159 861 4214 GR
888 4162 897 4228 11
927 4166 968 4214 14.
988 4177 1069 4213 auem
1089 4159 1184 4213 aluam
1203 4162 1237 4214 M
1263 4163 1272 4229 11
1301 4168 1341 4216 16.
1361 4162 1435 4215 enim

138 4244 206 4283 om.
227 4229 254 4283 G
268 4231 277 4297 l
292 4234 333 4284 17.
353 4229 464 4284 discere
480 4231 605 4302 Mcdcip,
624 4231 716 4285 dicere
736 4233 769 4297 a,
789 4231 839 4284 del.
861 4230 997 4285 Graecias
1014 4234 1023 4299 11
1043 4238 1084 4286 18.
1103 4231 1168 4284 miis
1188 4233 1229 4286 M.
1254 4233 1287 4298 cf.
1303 4233 1324 4300 I,
1339 4239 1364 4301 9,
1380 4237 1436 4302 2011

138 4299 317 4354 mehercule
342 4302 396 4355 aa
423 4304 432 4370 11
461 4307 501 4356 19.
526 4302 584 4356 suis
608 4318 675 4371 erga
698 4318 743 4355 me
766 4318 795 4366 ς,
820 4318 837 4352 a
861 4300 918 4353 suis
943 4303 983 4370 R,
1010 4319 1027 4355 a
1049 4319 1093 4355 me
1119 4303 1157 4369 G,
1183 4320 1232 4357 cnr.
1256 4305 1291 4357 M
1317 4306 1326 4373 11
1352 4303 1434 4374 meis]

138 4384 179 4422 a
202 4369 270 4425 meis
293 4373 320 4424 a
346 4374 356 4440 11
383 4378 425 4426 20.
450 4372 510 4426 vita
535 4391 599 4427 mea
620 4375 709 4443 suppl.
730 4373 902 4441 ll'esenberp,
929 4373 990 4426 vita
1008 4374 1102 4444 Klepo
1124 4375 1165 4442 (p.
1181 4376 1215 4443 6).
1248 4377 1283 4433 cf.
1309 4376 1436 4443 Wdlfllin

138 4437 255 4496 ‘Ascla
269 4443 291 4509 s.
307 4444 354 4497 lot.
370 4445 471 4498 chico
492 4445 524 4498 r.’
545 4445 584 4497 Vl
603 4464 629 4514 p.
644 4451 696 4498 459
719 4447 728 4513 11
752 4448 793 4497 22.
813 4441 923 4496 ualeret
940 4445 977 4496 M
987 4447 996 4513 11
1015 4461 1086 4511 quae
1107 4443 1201 4497 stultis
1222 4445 1290 4512 GR,
1316 4449 1435 4513 quaest

138 4510 226 4592 uitis
245 4514 282 4566 M
298 4515 308 4584 1
329 4518 371 4567 25.
391 4513 421 4567 id
476 4558 482 4582 ,
502 4515 539 4568 ad
559 4517 614 4571 GR
635 4519 644 4584 ΙΙ
665 4521 707 4570 26.
727 4513 826 4583 etiam]
846 4513 933 4567 etiam
951 4514 980 4567 in
1000 4518 1027 4568 a
1044 4519 1053 4583 11
1072 4520 1114 4568 27.
1136 4516 1170 4568 de
1188 4533 1238 4570 om.
1258 4517 1293 4569 M
1310 4520 1379 4586 1128.
1399 4517 1437 4570 ad

138 4595 250 4645 pruma
268 4585 352 4639 redeo
370 4587 412 4654 M,
432 4586 469 4639 ad
487 4587 579 4655 prima
597 4588 633 4654 a,
653 4588 689 4640 ad
708 4585 827 4655 primam
848 4586 873 4640 θ

292 4689 309 4719 6
