<?xml version="1.0" encoding="UTF-8"?>
<!DOCTYPE html PUBLIC "-//W3C//DTD XHTML 1.0 Transitional//EN"
    "http://www.w3.org/TR/xhtml1/DTD/xhtml1-transitional.dtd">
<html xmlns="http://www.w3.org/1999/xhtml" xml:lang="en" lang="en">
 <head>
  <title>
</title>
<meta http-equiv="Content-Type" content="text/html;charset=utf-8" />
  <meta name='ocr-system' content='tesseract 3.04.00' />
  <meta name='ocr-capabilities' content='ocr_page ocr_carea ocr_par ocr_line ocrx_word'/>
</head>
<body>
  <div class='ocr_page' id='page_1' title='image "./mtulliciceronis00koergoog_0339.png"; bbox 0 0 3286 5460; ppageno 0'>
   <div class='ocr_carea' id='block_1_1' title="bbox 201 359 1023 432">
    <p class='ocr_par' dir='ltr' id='par_1_1' title="bbox 201 359 1023 432">
     <span class='ocr_line' id='line_1_1' title="bbox 201 359 1023 432; baseline -0.013 0"><span class='ocrx_word' id='word_1_1' title='bbox 201 367 268 432; x_wconf 85' lang='lat'>300</span> <span class='ocrx_word' id='word_1_2' title='bbox 653 359 693 422; x_wconf 65' lang='lat' dir='ltr'>M]</span> <span class='ocrx_word' id='word_1_3' title='bbox 709 368 815 421; x_wconf 85' lang='lat' dir='ltr'><strong>TVLLI</strong></span> <span class='ocrx_word' id='word_1_4' title='bbox 834 365 1023 422; x_wconf 81' lang='lat' dir='ltr'>CICERONlS</span> 
     </span>
    </p>
   </div>
   <div class='ocr_carea' id='block_1_2' title="bbox 163 528 1521 3920">
    <p class='ocr_par' dir='ltr' id='par_1_2' title="bbox 163 528 1521 3920">
     <span class='ocr_line' id='line_1_2' title="bbox 200 528 1470 617; baseline -0.003 -21"><span class='ocrx_word' id='word_1_5' title='bbox 200 532 322 617; x_wconf 89' lang='lat' dir='ltr'>aliquid</span> <span class='ocrx_word' id='word_1_6' title='bbox 347 554 515 596; x_wconf 90' lang='lat' dir='ltr'>commune</span> <span class='ocrx_word' id='word_1_7' title='bbox 540 554 613 596; x_wconf 91' lang='lat' dir='ltr'>cum</span> <span class='ocrx_word' id='word_1_8' title='bbox 636 532 761 613; x_wconf 89' lang='lat' dir='ltr'>multis,</span> <span class='ocrx_word' id='word_1_9' title='bbox 785 553 877 596; x_wconf 87' lang='lat' dir='ltr'>amor</span> <span class='ocrx_word' id='word_1_10' title='bbox 903 554 969 596; x_wconf 90' lang='lat' dir='ltr'>nen</span> <span class='ocrx_word' id='word_1_11' title='bbox 995 531 1108 596; x_wconf 88' lang='lat' dir='ltr'>habet:</span> <span class='ocrx_word' id='word_1_12' title='bbox 1136 530 1234 597; x_wconf 85' lang='lat' dir='ltr'>dilexi</span> <span class='ocrx_word' id='word_1_13' title='bbox 1259 535 1306 613; x_wconf 88' lang='lat' dir='ltr'>te,</span> <span class='ocrx_word' id='word_1_14' title='bbox 1331 552 1394 614; x_wconf 94' lang='lat' dir='ltr'>quo</span> <span class='ocrx_word' id='word_1_15' title='bbox 1427 528 1470 593; x_wconf 88' lang='lat' dir='ltr'>die</span> 
     </span>
     <span class='ocr_line' id='line_1_3' title="bbox 200 636 1471 724; baseline -0.003 -21"><span class='ocrx_word' id='word_1_16' title='bbox 200 640 354 724; x_wconf 82' lang='lat' dir='ltr'>cognovi,</span> <span class='ocrx_word' id='word_1_17' title='bbox 382 661 496 723; x_wconf 91' lang='lat' dir='ltr'>meque</span> <span class='ocrx_word' id='word_1_18' title='bbox 527 662 546 702; x_wconf 89' lang='lat' dir='ltr'>a</span> <span class='ocrx_word' id='word_1_19' title='bbox 576 643 608 703; x_wconf 91' lang='lat' dir='ltr'>te</span> <span class='ocrx_word' id='word_1_20' title='bbox 639 638 732 723; x_wconf 86' lang='lat' dir='ltr'>diligi</span> <span class='ocrx_word' id='word_1_21' title='bbox 762 638 917 722; x_wconf 73' lang='lat' dir='ltr'>iudicavi,</span> <span class='ocrx_word' id='word_1_22' title='bbox 945 642 1022 702; x_wconf 91' lang='lat' dir='ltr'>tuus</span> <span class='ocrx_word' id='word_1_23' title='bbox 1050 638 1164 702; x_wconf 89' lang='lat' dir='ltr'>deinde</span> <span class='ocrx_word' id='word_1_24' title='bbox 1193 636 1357 703; x_wconf 77' lang='lat' dir='ltr'>discessus</span> <span class='ocrx_word' id='word_1_25' title='bbox 1387 636 1471 720; x_wconf 88' lang='lat' dir='ltr'>isque</span> 
     </span>
     <span class='ocr_line' id='line_1_4' title="bbox 200 744 1473 830; baseline -0.002 -21"><span class='ocrx_word' id='word_1_26' title='bbox 200 747 385 830; x_wconf 75' lang='lat' dir='ltr'>diuturnuS,</span> <span class='ocrx_word' id='word_1_27' title='bbox 416 745 552 809; x_wconf 81' lang='lat' dir='ltr'>ambitio</span> <span class='ocrx_word' id='word_1_28' title='bbox 584 750 698 810; x_wconf 89' lang='lat' dir='ltr'>nestra</span> <span class='ocrx_word' id='word_1_29' title='bbox 731 749 764 808; x_wconf 92' lang='lat' dir='ltr'>et</span> <span class='ocrx_word' id='word_1_30' title='bbox 796 745 883 809; x_wconf 90' lang='lat' dir='ltr'>vitae</span> <span class='ocrx_word' id='word_1_31' title='bbox 920 744 1153 809; x_wconf 72' lang='lat' dir='ltr'>dissimilitudo</span> <span class='ocrx_word' id='word_1_32' title='bbox 1190 766 1257 808; x_wconf 90' lang='lat' dir='ltr'>non</span> <span class='ocrx_word' id='word_1_33' title='bbox 1294 747 1347 807; x_wconf 86' lang='lat' dir='ltr'>est</span> <span class='ocrx_word' id='word_1_34' title='bbox 1382 764 1473 827; x_wconf 88' lang='lat' dir='ltr'>passa</span> 
     </span>
     <span class='ocr_line' id='line_1_5' title="bbox 199 851 1473 937; baseline -0.002 -21"><span class='ocrx_word' id='word_1_35' title='bbox 199 854 384 917; x_wconf 87' lang='lat' dir='ltr'>voluntates</span> <span class='ocrx_word' id='word_1_36' title='bbox 408 857 539 917; x_wconf 88' lang='lat' dir='ltr'>nostras</span> <span class='ocrx_word' id='word_1_37' title='bbox 563 853 795 917; x_wconf 89' lang='lat' dir='ltr'>consuetudine</span> <span class='ocrx_word' id='word_1_38' title='bbox 820 851 1051 937; x_wconf 89' lang='lat' dir='ltr'>conglutinari;</span> <span class='ocrx_word' id='word_1_39' title='bbox 1077 856 1170 916; x_wconf 89' lang='lat' dir='ltr'>tuum</span> <span class='ocrx_word' id='word_1_40' title='bbox 1194 855 1306 915; x_wconf 90' lang='lat' dir='ltr'>tamen</span> <span class='ocrx_word' id='word_1_41' title='bbox 1329 870 1410 935; x_wconf 89' lang='lat' dir='ltr'>erga</span> <span class='ocrx_word' id='word_1_42' title='bbox 1426 871 1473 914; x_wconf 91' lang='lat' dir='ltr'>me</span> 
     </span>
     <span class='ocr_line' id='line_1_6' title="bbox 199 954 1501 1045; baseline -0.006 -22"><span class='ocrx_word' id='word_1_43' title='bbox 199 959 342 1023; x_wconf 89' lang='lat' dir='ltr'>animum</span> <span class='ocrx_word' id='word_1_44' title='bbox 366 959 506 1045; x_wconf 80' lang='lat' dir='ltr'>adgnovi</span> <span class='ocrx_word' id='word_1_45' title='bbox 530 958 642 1022; x_wconf 90' lang='lat' dir='ltr'>multis</span> <span class='ocrx_word' id='word_1_46' title='bbox 667 957 760 1022; x_wconf 91' lang='lat' dir='ltr'>annis</span> <span class='ocrx_word' id='word_1_47' title='bbox 785 962 859 1022; x_wconf 87' lang='lat' dir='ltr'>ante</span> <span class='ocrx_word' id='word_1_48' title='bbox 883 957 1005 1022; x_wconf 92' lang='lat' dir='ltr'>bellum</span> <span class='ocrx_word' id='word_1_49' title='bbox 1029 959 1132 1043; x_wconf 90' lang='lat' dir='ltr'>civile,</span> <span class='ocrx_word' id='word_1_50' title='bbox 1156 980 1230 1024; x_wconf 88' lang='lat' dir='ltr'>cum</span> <span class='ocrx_word' id='word_1_51' title='bbox 1250 954 1373 1022; x_wconf 82' lang='lat' dir='ltr'>Caesar</span> <span class='ocrx_word' id='word_1_52' title='bbox 1391 961 1501 1022; x_wconf 74' lang='lat' dir='ltr'>esscts</span> 
     </span>
     <span class='ocr_line' id='line_1_7' title="bbox 196 1063 1473 1149; baseline -0.002 -20"><span class='ocrx_word' id='word_1_53' title='bbox 196 1067 231 1129; x_wconf 90' lang='lat' dir='ltr'>in</span> <span class='ocrx_word' id='word_1_54' title='bbox 256 1065 376 1149; x_wconf 73' lang='lat' dir='ltr'>Gallia,</span> <span class='ocrx_word' id='word_1_55' title='bbox 401 1065 487 1149; x_wconf 88' lang='lat' dir='ltr'>quod</span> <span class='ocrx_word' id='word_1_56' title='bbox 511 1066 596 1129; x_wconf 87' lang='lat' dir='ltr'>euim</span> <span class='ocrx_word' id='word_1_57' title='bbox 621 1069 786 1130; x_wconf 88' lang='lat' dir='ltr'>vementer</span> <span class='ocrx_word' id='word_1_58' title='bbox 810 1065 891 1129; x_wconf 87' lang='lat' dir='ltr'>mihi</span> <span class='ocrx_word' id='word_1_59' title='bbox 914 1065 995 1130; x_wconf 88' lang='lat' dir='ltr'>utile</span> <span class='ocrx_word' id='word_1_60' title='bbox 1019 1086 1090 1130; x_wconf 89' lang='lat' dir='ltr'>csse</span> <span class='ocrx_word' id='word_1_61' title='bbox 1113 1065 1252 1149; x_wconf 87' lang='lat' dir='ltr'>putabas</span> <span class='ocrx_word' id='word_1_62' title='bbox 1276 1086 1339 1129; x_wconf 89' lang='lat' dir='ltr'>nec</span> <span class='ocrx_word' id='word_1_63' title='bbox 1360 1063 1473 1127; x_wconf 86' lang='lat' dir='ltr'>inutile</span> 
     </span>
     <span class='ocr_line' id='line_1_8' title="bbox 198 1170 1473 1257; baseline -0.002 -21"><span class='ocrx_word' id='word_1_64' title='bbox 198 1173 261 1256; x_wconf 89' lang='lat' dir='ltr'>ipsi</span> <span class='ocrx_word' id='word_1_65' title='bbox 286 1170 426 1256; x_wconf 82' lang='lat' dir='ltr'>Caesari,</span> <span class='ocrx_word' id='word_1_66' title='bbox 449 1171 624 1255; x_wconf 82' lang='lat' dir='ltr'>perfecisti,</span> <span class='ocrx_word' id='word_1_67' title='bbox 642 1175 680 1234; x_wconf 89' lang='lat' dir='ltr'>ut</span> <span class='ocrx_word' id='word_1_68' title='bbox 703 1171 758 1236; x_wconf 93' lang='lat' dir='ltr'>ille</span> <span class='ocrx_word' id='word_1_69' title='bbox 783 1194 834 1235; x_wconf 89' lang='lat' dir='ltr'>me</span> <span class='ocrx_word' id='word_1_70' title='bbox 858 1172 1018 1257; x_wconf 85' lang='lat' dir='ltr'>diligeret,</span> <span class='ocrx_word' id='word_1_71' title='bbox 1037 1172 1166 1250; x_wconf 88' lang='lat' dir='ltr'>coleret,</span> <span class='ocrx_word' id='word_1_72' title='bbox 1185 1171 1324 1236; x_wconf 88' lang='lat' dir='ltr'>haberet</span> <span class='ocrx_word' id='word_1_73' title='bbox 1347 1170 1382 1235; x_wconf 93' lang='lat' dir='ltr'>in</span> <span class='ocrx_word' id='word_1_74' title='bbox 1401 1170 1473 1235; x_wconf 85' lang='lat' dir='ltr'>suis.</span> 
     </span>
     <span class='ocr_line' id='line_1_9' title="bbox 198 1263 1474 1364; baseline -0.002 -22"><span class='ocrx_word' id='word_1_75' title='bbox 198 1280 303 1342; x_wconf 91' lang='lat' dir='ltr'>multa</span> <span class='ocrx_word' id='word_1_76' title='bbox 333 1284 517 1364; x_wconf 89' lang='lat' dir='ltr'>praeteree,</span> <span class='ocrx_word' id='word_1_77' title='bbox 550 1301 632 1362; x_wconf 89' lang='lat' dir='ltr'>quae</span> <span class='ocrx_word' id='word_1_78' title='bbox 665 1279 868 1363; x_wconf 87' lang='lat' dir='ltr'>temporibus</span> <span class='ocrx_word' id='word_1_79' title='bbox 905 1278 970 1344; x_wconf 90' lang='lat' dir='ltr'>illis</span> <span class='ocrx_word' id='word_1_80' title='bbox 1008 1263 1094 1343; x_wconf 75' lang='lat' dir='ltr'>irftcr</span> <span class='ocrx_word' id='word_1_81' title='bbox 1129 1300 1189 1344; x_wconf 91' lang='lat' dir='ltr'>nos</span> <span class='ocrx_word' id='word_1_82' title='bbox 1221 1276 1474 1342; x_wconf 85' lang='lat' dir='ltr'>familiarissime</span> 
     </span>
     <span class='ocr_line' id='line_1_10' title="bbox 199 1384 1474 1470; baseline -0.001 -23"><span class='ocrx_word' id='word_1_83' title='bbox 199 1384 299 1468; x_wconf 89' lang='lat' dir='ltr'>dicta,</span> <span class='ocrx_word' id='word_1_84' title='bbox 332 1386 467 1467; x_wconf 81' lang='lat' dir='ltr'>scripta,</span> <span class='ocrx_word' id='word_1_85' title='bbox 501 1385 740 1449; x_wconf 87' lang='lat' dir='ltr'>communicata</span> <span class='ocrx_word' id='word_1_86' title='bbox 772 1384 853 1467; x_wconf 70' lang='lat' dir='ltr'>sint,</span> <span class='ocrx_word' id='word_1_87' title='bbox 885 1385 1037 1470; x_wconf 89' lang='lat' dir='ltr'>graviora</span> <span class='ocrx_word' id='word_1_88' title='bbox 1068 1385 1155 1450; x_wconf 90' lang='lat' dir='ltr'>enim</span> <span class='ocrx_word' id='word_1_89' title='bbox 1187 1388 1365 1450; x_wconf 89' lang='lat' dir='ltr'>consecuta</span> <span class='ocrx_word' id='word_1_90' title='bbox 1392 1388 1474 1448; x_wconf 88' lang='lat' dir='ltr'>sunt.</span> 
     </span>
     <span class='ocr_line' id='line_1_11' title="bbox 163 1488 1504 1572; baseline 0 -18"><span class='ocrx_word' id='word_1_91' title='bbox 163 1497 232 1554; x_wconf 80' lang='lat' dir='ltr'>aet</span> <span class='ocrx_word' id='word_1_92' title='bbox 264 1492 359 1554; x_wconf 88' lang='lat' dir='ltr'>initio</span> <span class='ocrx_word' id='word_1_93' title='bbox 392 1491 471 1554; x_wconf 92' lang='lat' dir='ltr'>belli</span> <span class='ocrx_word' id='word_1_94' title='bbox 502 1491 607 1556; x_wconf 84' lang='lat' dir='ltr'>civilis</span> <span class='ocrx_word' id='word_1_95' title='bbox 641 1514 715 1557; x_wconf 91' lang='lat' dir='ltr'>cum</span> <span class='ocrx_word' id='word_1_96' title='bbox 742 1491 954 1556; x_wconf 91' lang='lat' dir='ltr'>Brundisium</span> <span class='ocrx_word' id='word_1_97' title='bbox 986 1514 1098 1557; x_wconf 88' lang='lat' dir='ltr'>versus</span> <span class='ocrx_word' id='word_1_98' title='bbox 1131 1493 1195 1556; x_wconf 89' lang='lat' dir='ltr'>ires</span> <span class='ocrx_word' id='word_1_99' title='bbox 1224 1491 1265 1555; x_wconf 91' lang='lat' dir='ltr'>ad</span> <span class='ocrx_word' id='word_1_100' title='bbox 1294 1488 1474 1572; x_wconf 86' lang='lat' dir='ltr'>Caesarem,</span> <span class='ocrx_word' id='word_1_101' title='bbox 1486 1510 1504 1548; x_wconf 78' lang='grc' dir='ltr'><em>ο</em></span> 
     </span>
     <span class='ocr_line' id='line_1_12' title="bbox 198 1596 1476 1683; baseline 0 -22"><span class='ocrx_word' id='word_1_102' title='bbox 198 1598 317 1662; x_wconf 89' lang='lat' dir='ltr'>venisti</span> <span class='ocrx_word' id='word_1_103' title='bbox 349 1598 389 1661; x_wconf 90' lang='lat' dir='ltr'>ad</span> <span class='ocrx_word' id='word_1_104' title='bbox 421 1620 471 1662; x_wconf 88' lang='lat' dir='ltr'>me</span> <span class='ocrx_word' id='word_1_105' title='bbox 503 1598 537 1662; x_wconf 91' lang='lat' dir='ltr'>in</span> <span class='ocrx_word' id='word_1_106' title='bbox 568 1599 789 1663; x_wconf 87' lang='lat' dir='ltr'>Formianum:</span> <span class='ocrx_word' id='word_1_107' title='bbox 823 1598 965 1682; x_wconf 90' lang='lat' dir='ltr'>primum</span> <span class='ocrx_word' id='word_1_108' title='bbox 996 1599 1059 1663; x_wconf 89' lang='lat' dir='ltr'>hoe</span> <span class='ocrx_word' id='word_1_109' title='bbox 1090 1599 1198 1683; x_wconf 90' lang='lat' dir='ltr'>ipsum</span> <span class='ocrx_word' id='word_1_110' title='bbox 1231 1596 1362 1681; x_wconf 89' lang='lat' dir='ltr'>quanti,</span> <span class='ocrx_word' id='word_1_111' title='bbox 1388 1618 1476 1680; x_wconf 85' lang='lat' dir='ltr'>prae·</span> 
     </span>
     <span class='ocr_line' id='line_1_13' title="bbox 199 1702 1476 1790; baseline -0.001 -22"><span class='ocrx_word' id='word_1_112' title='bbox 199 1705 313 1768; x_wconf 90' lang='lat' dir='ltr'>sertim</span> <span class='ocrx_word' id='word_1_113' title='bbox 345 1704 546 1787; x_wconf 88' lang='lat' dir='ltr'>temporibus</span> <span class='ocrx_word' id='word_1_114' title='bbox 580 1705 659 1769; x_wconf 82' lang='lat' dir='ltr'>illis!</span> <span class='ocrx_word' id='word_1_115' title='bbox 706 1705 819 1769; x_wconf 91' lang='lat' dir='ltr'>deinde</span> <span class='ocrx_word' id='word_1_116' title='bbox 853 1705 992 1770; x_wconf 89' lang='lat' dir='ltr'>oblitum</span> <span class='ocrx_word' id='word_1_117' title='bbox 1025 1728 1076 1770; x_wconf 89' lang='lat' dir='ltr'>me</span> <span class='ocrx_word' id='word_1_118' title='bbox 1108 1709 1205 1790; x_wconf 88' lang='lat' dir='ltr'>putas</span> <span class='ocrx_word' id='word_1_119' title='bbox 1238 1702 1382 1787; x_wconf 92' lang='lat' dir='ltr'>consilii,</span> <span class='ocrx_word' id='word_1_120' title='bbox 1415 1725 1476 1768; x_wconf 89' lang='lat' dir='ltr'>scr·</span> 
     </span>
     <span class='ocr_line' id='line_1_14' title="bbox 204 1810 1475 1895; baseline -0.002 -20"><span class='ocrx_word' id='word_1_121' title='bbox 204 1810 317 1893; x_wconf 91' lang='lat' dir='ltr'>monis,</span> <span class='ocrx_word' id='word_1_122' title='bbox 336 1810 550 1874; x_wconf 86' lang='lat' dir='ltr'>humanitatis</span> <span class='ocrx_word' id='word_1_123' title='bbox 571 1812 668 1876; x_wconf 83' lang='lat' dir='ltr'>tuae?</span> <span class='ocrx_word' id='word_1_124' title='bbox 688 1812 806 1895; x_wconf 90' lang='lat' dir='ltr'>quibus</span> <span class='ocrx_word' id='word_1_125' title='bbox 826 1813 923 1877; x_wconf 90' lang='lat' dir='ltr'>rebus</span> <span class='ocrx_word' id='word_1_126' title='bbox 942 1813 1100 1877; x_wconf 88' lang='lat' dir='ltr'>interesse</span> <span class='ocrx_word' id='word_1_127' title='bbox 1121 1811 1255 1876; x_wconf 91' lang='lat' dir='ltr'>memini</span> <span class='ocrx_word' id='word_1_128' title='bbox 1273 1810 1475 1875; x_wconf 60' lang='lat' dir='ltr'>Trebatium·</span> 
     </span>
     <span class='ocr_line' id='line_1_15' title="bbox 197 1917 1477 2003; baseline -0.001 -22"><span class='ocrx_word' id='word_1_129' title='bbox 197 1941 256 1982; x_wconf 88' lang='lat' dir='ltr'>nec</span> <span class='ocrx_word' id='word_1_130' title='bbox 280 1940 357 1981; x_wconf 87' lang='lat' dir='ltr'>vero</span> <span class='ocrx_word' id='word_1_131' title='bbox 381 1940 453 1981; x_wconf 89' lang='lat' dir='ltr'>sum</span> <span class='ocrx_word' id='word_1_132' title='bbox 478 1917 599 1982; x_wconf 92' lang='lat' dir='ltr'>oblitus</span> <span class='ocrx_word' id='word_1_133' title='bbox 623 1918 807 1983; x_wconf 88' lang='lat' dir='ltr'>litterarum</span> <span class='ocrx_word' id='word_1_134' title='bbox 832 1924 975 2002; x_wconf 89' lang='lat' dir='ltr'>tuarum,</span> <span class='ocrx_word' id='word_1_135' title='bbox 1000 1941 1080 2003; x_wconf 88' lang='lat' dir='ltr'>quas</span> <span class='ocrx_word' id='word_1_136' title='bbox 1105 1919 1145 1983; x_wconf 90' lang='lat' dir='ltr'>ad</span> <span class='ocrx_word' id='word_1_137' title='bbox 1168 1941 1220 1982; x_wconf 90' lang='lat' dir='ltr'>me</span> <span class='ocrx_word' id='word_1_138' title='bbox 1243 1917 1381 2001; x_wconf 86' lang='lat' dir='ltr'>misisti,</span> <span class='ocrx_word' id='word_1_139' title='bbox 1405 1938 1477 1981; x_wconf 89' lang='lat' dir='ltr'>cum</span> 
     </span>
     <span class='ocr_line' id='line_1_16' title="bbox 163 2022 1512 2110; baseline 0 -22"><span class='ocrx_word' id='word_1_140' title='bbox 163 2043 178 2088; x_wconf 84' lang='grc'>4</span> <span class='ocrx_word' id='word_1_141' title='bbox 199 2022 330 2089; x_wconf 89' lang='lat' dir='ltr'>Caesari</span> <span class='ocrx_word' id='word_1_142' title='bbox 354 2025 483 2088; x_wconf 90' lang='lat' dir='ltr'>obviam</span> <span class='ocrx_word' id='word_1_143' title='bbox 506 2025 650 2089; x_wconf 84' lang='lat' dir='ltr'>venisses</span> <span class='ocrx_word' id='word_1_144' title='bbox 674 2025 709 2088; x_wconf 90' lang='lat' dir='ltr'>in</span> <span class='ocrx_word' id='word_1_145' title='bbox 732 2046 830 2110; x_wconf 89' lang='lat' dir='ltr'>agro,</span> <span class='ocrx_word' id='word_1_146' title='bbox 853 2029 890 2088; x_wconf 89' lang='lat' dir='ltr'>ut</span> <span class='ocrx_word' id='word_1_147' title='bbox 913 2026 1068 2109; x_wconf 88' lang='lat' dir='ltr'>arbitror,</span> <span class='ocrx_word' id='word_1_148' title='bbox 1091 2024 1283 2089; x_wconf 83' lang='lat' dir='ltr'>Trebulano</span> <span class='ocrx_word' id='word_1_149' title='bbox 1330 2029 1512 2089; x_wconf 79' lang='lat' dir='ltr'>secutum1⁵</span> 
     </span>
     <span class='ocr_line' id='line_1_17' title="bbox 198 2129 1478 2221; baseline 0 -27"><span class='ocrx_word' id='word_1_150' title='bbox 198 2131 279 2195; x_wconf 92' lang='lat' dir='ltr'>illud</span> <span class='ocrx_word' id='word_1_151' title='bbox 302 2135 431 2213; x_wconf 91' lang='lat' dir='ltr'>tempus</span> <span class='ocrx_word' id='word_1_152' title='bbox 455 2135 515 2213; x_wconf 88' lang='lat' dir='ltr'>est,</span> <span class='ocrx_word' id='word_1_153' title='bbox 535 2153 607 2196; x_wconf 90' lang='lat' dir='ltr'>cum</span> <span class='ocrx_word' id='word_1_154' title='bbox 632 2154 683 2194; x_wconf 90' lang='lat' dir='ltr'>me</span> <span class='ocrx_word' id='word_1_155' title='bbox 707 2131 747 2194; x_wconf 92' lang='lat' dir='ltr'>ad</span> <span class='ocrx_word' id='word_1_156' title='bbox 767 2129 957 2215; x_wconf 86' lang='lat' dir='ltr'>Pompeium</span> <span class='ocrx_word' id='word_1_157' title='bbox 981 2131 1145 2217; x_wconf 87' lang='lat' dir='ltr'>proficisci</span> <span class='ocrx_word' id='word_1_158' title='bbox 1168 2131 1234 2195; x_wconf 85' lang='lat' dir='ltr'>sive</span> <span class='ocrx_word' id='word_1_159' title='bbox 1258 2131 1364 2221; x_wconf 84' lang='lat' dir='ltr'>pudor</span> <span class='ocrx_word' id='word_1_160' title='bbox 1387 2152 1478 2195; x_wconf 90' lang='lat' dir='ltr'>meus</span> 
     </span>
     <span class='ocr_line' id='line_1_18' title="bbox 198 2236 1479 2322; baseline -0.001 -20"><span class='ocrx_word' id='word_1_161' title='bbox 198 2238 306 2322; x_wconf 83' lang='lat' dir='ltr'>coegit</span> <span class='ocrx_word' id='word_1_162' title='bbox 331 2238 398 2301; x_wconf 89' lang='lat' dir='ltr'>sive</span> <span class='ocrx_word' id='word_1_163' title='bbox 429 2237 572 2301; x_wconf 88' lang='lat' dir='ltr'>officium</span> <span class='ocrx_word' id='word_1_164' title='bbox 602 2239 670 2301; x_wconf 87' lang='lat' dir='ltr'>sive</span> <span class='ocrx_word' id='word_1_165' title='bbox 698 2236 842 2301; x_wconf 88' lang='lat' dir='ltr'>fortuna:</span> <span class='ocrx_word' id='word_1_166' title='bbox 871 2239 957 2321; x_wconf 90' lang='lat' dir='ltr'>quod</span> <span class='ocrx_word' id='word_1_167' title='bbox 986 2238 1130 2303; x_wconf 92' lang='lat' dir='ltr'>efficium</span> <span class='ocrx_word' id='word_1_168' title='bbox 1158 2242 1265 2320; x_wconf 87' lang='lat' dir='ltr'>tuum,</span> <span class='ocrx_word' id='word_1_169' title='bbox 1294 2237 1381 2321; x_wconf 92' lang='lat' dir='ltr'>quod</span> <span class='ocrx_word' id='word_1_170' title='bbox 1410 2241 1479 2301; x_wconf 85' lang='lat' dir='ltr'>stu-</span> 
     </span>
     <span class='ocr_line' id='line_1_19' title="bbox 199 2336 1480 2428; baseline 0.001 -21"><span class='ocrx_word' id='word_1_171' title='bbox 199 2345 289 2407; x_wconf 88' lang='lat' dir='ltr'>dium</span> <span class='ocrx_word' id='word_1_172' title='bbox 321 2344 373 2407; x_wconf 90' lang='lat' dir='ltr'>vel</span> <span class='ocrx_word' id='word_1_173' title='bbox 405 2343 439 2407; x_wconf 90' lang='lat' dir='ltr'>in</span> <span class='ocrx_word' id='word_1_174' title='bbox 472 2347 641 2426; x_wconf 89' lang='lat' dir='ltr'>apsentem</span> <span class='ocrx_word' id='word_1_175' title='bbox 672 2365 722 2406; x_wconf 87' lang='lat' dir='ltr'>me</span> <span class='ocrx_word' id='word_1_176' title='bbox 751 2343 801 2406; x_wconf 88' lang='lat' dir='ltr'>vel</span> <span class='ocrx_word' id='word_1_177' title='bbox 830 2344 863 2408; x_wconf 90' lang='lat' dir='ltr'>in</span> <span class='ocrx_word' id='word_1_178' title='bbox 891 2336 1072 2428; x_wconf 87' lang='lat' dir='ltr'>praesentis</span> <span class='ocrx_word' id='word_1_179' title='bbox 1100 2366 1189 2410; x_wconf 87' lang='lat' dir='ltr'>meos</span> <span class='ocrx_word' id='word_1_180' title='bbox 1221 2343 1348 2408; x_wconf 82' lang='lat' dir='ltr'>defuit?</span> <span class='ocrx_word' id='word_1_181' title='bbox 1382 2364 1480 2428; x_wconf 88' lang='lat' dir='ltr'>quem</span> 
     </span>
     <span class='ocr_line' id='line_1_20' title="bbox 198 2449 1478 2534; baseline -0.001 -20"><span class='ocrx_word' id='word_1_182' title='bbox 198 2473 295 2534; x_wconf 89' lang='lat' dir='ltr'>porro</span> <span class='ocrx_word' id='word_1_183' title='bbox 319 2473 430 2514; x_wconf 89' lang='lat' dir='ltr'>omnes</span> <span class='ocrx_word' id='word_1_184' title='bbox 454 2450 518 2513; x_wconf 92' lang='lat' dir='ltr'>mei</span> <span class='ocrx_word' id='word_1_185' title='bbox 541 2455 574 2514; x_wconf 88' lang='lat' dir='ltr'>et</span> <span class='ocrx_word' id='word_1_186' title='bbox 598 2450 679 2513; x_wconf 90' lang='lat' dir='ltr'>mihi</span> <span class='ocrx_word' id='word_1_187' title='bbox 703 2453 736 2513; x_wconf 88' lang='lat' dir='ltr'>et</span> <span class='ocrx_word' id='word_1_188' title='bbox 760 2450 823 2513; x_wconf 91' lang='lat' dir='ltr'>sibi</span> <span class='ocrx_word' id='word_1_189' title='bbox 847 2454 880 2513; x_wconf 89' lang='lat' dir='ltr'>te</span> <span class='ocrx_word' id='word_1_190' title='bbox 904 2450 1092 2515; x_wconf 81' lang='lat' dir='ltr'>amiciorem</span> <span class='ocrx_word' id='word_1_191' title='bbox 1116 2449 1364 2515; x_wconf 82' lang='lat' dir='ltr'>iudicaverunt?</span> <span class='ocrx_word' id='word_1_192' title='bbox 1403 2450 1478 2515; x_wconf 88' lang='lat' dir='ltr'>veui</span> 
     </span>
     <span class='ocr_line' id='line_1_21' title="bbox 199 2556 1521 2642; baseline -0.003 -21"><span class='ocrx_word' id='word_1_193' title='bbox 199 2557 423 2621; x_wconf 89' lang='lat' dir='ltr'>Brundisium:</span> <span class='ocrx_word' id='word_1_194' title='bbox 454 2556 635 2620; x_wconf 89' lang='lat' dir='ltr'>oblitumne</span> <span class='ocrx_word' id='word_1_195' title='bbox 664 2578 714 2620; x_wconf 92' lang='lat' dir='ltr'>me</span> <span class='ocrx_word' id='word_1_196' title='bbox 742 2561 853 2641; x_wconf 91' lang='lat' dir='ltr'>putas,</span> <span class='ocrx_word' id='word_1_197' title='bbox 883 2579 947 2640; x_wconf 87' lang='lat' dir='ltr'>qua</span> <span class='ocrx_word' id='word_1_198' title='bbox 978 2558 1158 2642; x_wconf 91' lang='lat' dir='ltr'>eeleritate,</span> <span class='ocrx_word' id='word_1_199' title='bbox 1180 2561 1218 2621; x_wconf 88' lang='lat' dir='ltr'>ut</span> <span class='ocrx_word' id='word_1_200' title='bbox 1249 2557 1393 2641; x_wconf 91' lang='lat' dir='ltr'>primum</span> <span class='ocrx_word' id='word_1_201' title='bbox 1426 2576 1521 2620; x_wconf 78' lang='lat' dir='ltr'>au-rc</span> 
     </span>
     <span class='ocr_line' id='line_1_22' title="bbox 203 2662 1484 2749; baseline 0 -22"><span class='ocrx_word' id='word_1_202' title='bbox 203 2665 315 2749; x_wconf 88' lang='lat' dir='ltr'>dieris,</span> <span class='ocrx_word' id='word_1_203' title='bbox 338 2664 377 2728; x_wconf 89' lang='lat' dir='ltr'>ad</span> <span class='ocrx_word' id='word_1_204' title='bbox 406 2685 456 2727; x_wconf 89' lang='lat' dir='ltr'>me</span> <span class='ocrx_word' id='word_1_205' title='bbox 480 2662 622 2727; x_wconf 83' lang='lat' dir='ltr'>Tarento</span> <span class='ocrx_word' id='word_1_206' title='bbox 651 2663 827 2746; x_wconf 89' lang='lat' dir='ltr'>advolaris,</span> <span class='ocrx_word' id='word_1_207' title='bbox 856 2685 937 2747; x_wconf 89' lang='lat' dir='ltr'>quae</span> <span class='ocrx_word' id='word_1_208' title='bbox 965 2667 1023 2728; x_wconf 89' lang='lat' dir='ltr'>tua</span> <span class='ocrx_word' id='word_1_209' title='bbox 1049 2664 1150 2728; x_wconf 87' lang='lat' dir='ltr'>fuerit</span> <span class='ocrx_word' id='word_1_210' title='bbox 1176 2663 1335 2747; x_wconf 88' lang='lat' dir='ltr'>adsessio,</span> <span class='ocrx_word' id='word_1_211' title='bbox 1363 2662 1484 2747; x_wconf 85' lang='lat' dir='ltr'>oratio,</span> 
     </span>
     <span class='ocr_line' id='line_1_23' title="bbox 165 2768 1484 2835; baseline -0.002 0"><span class='ocrx_word' id='word_1_212' title='bbox 165 2771 405 2835; x_wconf 79' lang='lat' dir='ltr'>aconlirmatio</span> <span class='ocrx_word' id='word_1_213' title='bbox 430 2769 530 2834; x_wconf 91' lang='lat' dir='ltr'>animi</span> <span class='ocrx_word' id='word_1_214' title='bbox 554 2769 618 2832; x_wconf 89' lang='lat' dir='ltr'>mei</span> <span class='ocrx_word' id='word_1_215' title='bbox 642 2768 739 2834; x_wconf 87' lang='lat' dir='ltr'>fracti</span> <span class='ocrx_word' id='word_1_216' title='bbox 768 2769 990 2834; x_wconf 90' lang='lat' dir='ltr'>communium</span> <span class='ocrx_word' id='word_1_217' title='bbox 1017 2770 1224 2835; x_wconf 88' lang='lat' dir='ltr'>miseriarum</span> <span class='ocrx_word' id='word_1_218' title='bbox 1252 2768 1364 2833; x_wconf 83' lang='lat' dir='ltr'>metu?</span> <span class='ocrx_word' id='word_1_219' title='bbox 1412 2774 1484 2833; x_wconf 89' lang='lat' dir='ltr'>tan·</span> 
     </span>
     <span class='ocr_line' id='line_1_24' title="bbox 202 2873 1484 2960; baseline -0.002 -20"><span class='ocrx_word' id='word_1_220' title='bbox 202 2878 274 2940; x_wconf 90' lang='lat' dir='ltr'>dem</span> <span class='ocrx_word' id='word_1_221' title='bbox 299 2877 472 2959; x_wconf 89' lang='lat' dir='ltr'>aliquande</span> <span class='ocrx_word' id='word_1_222' title='bbox 497 2876 620 2941; x_wconf 88' lang='lat' dir='ltr'>Romae</span> <span class='ocrx_word' id='word_1_223' title='bbox 644 2897 714 2940; x_wconf 90' lang='lat' dir='ltr'>esse</span> <span class='ocrx_word' id='word_1_224' title='bbox 739 2875 918 2959; x_wconf 89' lang='lat' dir='ltr'>coepimus:</span> <span class='ocrx_word' id='word_1_225' title='bbox 946 2877 1024 2960; x_wconf 93' lang='lat' dir='ltr'>quid</span> <span class='ocrx_word' id='word_1_226' title='bbox 1053 2876 1157 2941; x_wconf 88' lang='lat' dir='ltr'>defuit</span> <span class='ocrx_word' id='word_1_227' title='bbox 1183 2879 1314 2940; x_wconf 86' lang='lat' dir='ltr'>nostrae</span> <span class='ocrx_word' id='word_1_228' title='bbox 1343 2873 1484 2939; x_wconf 70' lang='lat' dir='ltr'>familiar</span> 
     </span>
     <span class='ocr_line' id='line_1_25' title="bbox 202 2981 1483 3068; baseline 0.001 -24"><span class='ocrx_word' id='word_1_229' title='bbox 202 2982 316 3045; x_wconf 84' lang='lat' dir='ltr'>ritati?</span> <span class='ocrx_word' id='word_1_230' title='bbox 362 2981 396 3045; x_wconf 91' lang='lat' dir='ltr'>in</span> <span class='ocrx_word' id='word_1_231' title='bbox 428 2982 579 3046; x_wconf 85' lang='lat' dir='ltr'>maximis</span> <span class='ocrx_word' id='word_1_232' title='bbox 611 2982 708 3046; x_wconf 90' lang='lat' dir='ltr'>rebus</span> <span class='ocrx_word' id='word_1_233' title='bbox 743 3003 885 3065; x_wconf 90' lang='lat' dir='ltr'>quonam</span> <span class='ocrx_word' id='word_1_234' title='bbox 922 2983 1018 3047; x_wconf 90' lang='lat' dir='ltr'>modo</span> <span class='ocrx_word' id='word_1_235' title='bbox 1056 3004 1201 3068; x_wconf 81' lang='lat' dir='ltr'>gererem</span> <span class='ocrx_word' id='word_1_236' title='bbox 1239 3003 1290 3046; x_wconf 89' lang='lat' dir='ltr'>me</span> <span class='ocrx_word' id='word_1_237' title='bbox 1325 2981 1483 3046; x_wconf 84' lang='lat' dir='ltr'>adversus</span> 
     </span>
     <span class='ocr_line' id='line_1_26' title="bbox 204 3086 1521 3173; baseline -0.003 -21"><span class='ocrx_word' id='word_1_238' title='bbox 204 3087 385 3170; x_wconf 87' lang='lat' dir='ltr'>Caesarem,</span> <span class='ocrx_word' id='word_1_239' title='bbox 404 3111 481 3152; x_wconf 88' lang='lat' dir='ltr'>usus</span> <span class='ocrx_word' id='word_1_240' title='bbox 505 3094 562 3153; x_wconf 90' lang='lat' dir='ltr'>tuo</span> <span class='ocrx_word' id='word_1_241' title='bbox 582 3088 719 3153; x_wconf 89' lang='lat' dir='ltr'>oonsilio</span> <span class='ocrx_word' id='word_1_242' title='bbox 744 3111 826 3173; x_wconf 90' lang='lat' dir='ltr'>sum,</span> <span class='ocrx_word' id='word_1_243' title='bbox 844 3088 878 3152; x_wconf 92' lang='lat' dir='ltr'>in</span> <span class='ocrx_word' id='word_1_244' title='bbox 902 3089 1036 3173; x_wconf 89' lang='lat' dir='ltr'>reliquis</span> <span class='ocrx_word' id='word_1_245' title='bbox 1057 3089 1181 3153; x_wconf 89' lang='lat' dir='ltr'>officio:</span> <span class='ocrx_word' id='word_1_246' title='bbox 1205 3088 1255 3152; x_wconf 92' lang='lat' dir='ltr'>cui</span> <span class='ocrx_word' id='word_1_247' title='bbox 1274 3092 1311 3151; x_wconf 90' lang='lat' dir='ltr'>tu</span> <span class='ocrx_word' id='word_1_248' title='bbox 1330 3086 1481 3153; x_wconf 88' lang='lat' dir='ltr'>tribuisti</span> <span class='ocrx_word' id='word_1_249' title='bbox 1495 3109 1521 3148; x_wconf 79' lang='lat'>2⁵</span> 
     </span>
     <span class='ocr_line' id='line_1_27' title="bbox 199 3193 1482 3279; baseline 0 -22"><span class='ocrx_word' id='word_1_250' title='bbox 199 3199 333 3277; x_wconf 89' lang='lat' dir='ltr'>excepto</span> <span class='ocrx_word' id='word_1_251' title='bbox 358 3193 494 3259; x_wconf 80' lang='lat' dir='ltr'>Caesare</span> <span class='ocrx_word' id='word_1_252' title='bbox 517 3200 647 3279; x_wconf 87' lang='lat' dir='ltr'>praeter</span> <span class='ocrx_word' id='word_1_253' title='bbox 671 3218 731 3276; x_wconf 90' lang='lat' dir='ltr'>me,</span> <span class='ocrx_word' id='word_1_254' title='bbox 755 3199 793 3259; x_wconf 85' lang='lat' dir='ltr'>ut</span> <span class='ocrx_word' id='word_1_255' title='bbox 815 3196 947 3260; x_wconf 91' lang='lat' dir='ltr'>domum</span> <span class='ocrx_word' id='word_1_256' title='bbox 971 3196 1148 3260; x_wconf 85' lang='lat' dir='ltr'>ventitares</span> <span class='ocrx_word' id='word_1_257' title='bbox 1172 3196 1334 3279; x_wconf 89' lang='lat' dir='ltr'>horasque</span> <span class='ocrx_word' id='word_1_258' title='bbox 1358 3193 1482 3258; x_wconf 86' lang='lat' dir='ltr'>multas</span> 
     </span>
     <span class='ocr_line' id='line_1_28' title="bbox 200 3299 1482 3384; baseline 0 -20"><span class='ocrx_word' id='word_1_259' title='bbox 200 3323 296 3384; x_wconf 91' lang='lat' dir='ltr'>saepe</span> <span class='ocrx_word' id='word_1_260' title='bbox 320 3300 513 3365; x_wconf 87' lang='lat' dir='ltr'>suavissimo</span> <span class='ocrx_word' id='word_1_261' title='bbox 539 3323 686 3366; x_wconf 90' lang='lat' dir='ltr'>sermone</span> <span class='ocrx_word' id='word_1_262' title='bbox 711 3302 941 3366; x_wconf 84' lang='lat' dir='ltr'>consumeres?</span> <span class='ocrx_word' id='word_1_263' title='bbox 965 3306 1050 3381; x_wconf 90' lang='lat' dir='ltr'>tum,</span> <span class='ocrx_word' id='word_1_264' title='bbox 1074 3324 1148 3366; x_wconf 89' lang='lat' dir='ltr'>cum</span> <span class='ocrx_word' id='word_1_265' title='bbox 1176 3301 1289 3382; x_wconf 90' lang='lat' dir='ltr'>etiam,</span> <span class='ocrx_word' id='word_1_266' title='bbox 1312 3299 1341 3363; x_wconf 92' lang='lat' dir='ltr'>si</span> <span class='ocrx_word' id='word_1_267' title='bbox 1369 3299 1482 3365; x_wconf 88' lang='lat' dir='ltr'>memi-</span> 
     </span>
     <span class='ocr_line' id='line_1_29' title="bbox 198 3403 1483 3493; baseline 0 -21"><span class='ocrx_word' id='word_1_268' title='bbox 198 3408 288 3490; x_wconf 90' lang='lat' dir='ltr'>nisti,</span> <span class='ocrx_word' id='word_1_269' title='bbox 312 3412 348 3472; x_wconf 91' lang='lat' dir='ltr'>ut</span> <span class='ocrx_word' id='word_1_270' title='bbox 371 3408 451 3471; x_wconf 89' lang='lat' dir='ltr'>haec</span> <span class='ocrx_word' id='word_1_271' title='bbox 474 3409 746 3493; x_wconf 80' lang='grc' dir='ltr'><em>φιλοσοφούμενα</em></span> <span class='ocrx_word' id='word_1_272' title='bbox 769 3409 955 3493; x_wconf 89' lang='lat' dir='ltr'>scriberem,</span> <span class='ocrx_word' id='word_1_273' title='bbox 972 3413 1009 3472; x_wconf 91' lang='lat' dir='ltr'>tu</span> <span class='ocrx_word' id='word_1_274' title='bbox 1031 3430 1083 3473; x_wconf 91' lang='lat' dir='ltr'>me</span> <span class='ocrx_word' id='word_1_275' title='bbox 1107 3407 1276 3492; x_wconf 89' lang='lat' dir='ltr'>impulisti.</span> <span class='ocrx_word' id='word_1_276' title='bbox 1307 3410 1385 3492; x_wconf 90' lang='lat' dir='ltr'>post</span> <span class='ocrx_word' id='word_1_277' title='bbox 1404 3403 1483 3472; x_wconf 87' lang='lat' dir='ltr'>Cae-</span> 
     </span>
     <span class='ocr_line' id='line_1_30' title="bbox 199 3513 1482 3600; baseline -0.002 -20"><span class='ocrx_word' id='word_1_278' title='bbox 199 3515 281 3581; x_wconf 87' lang='lat' dir='ltr'>saris</span> <span class='ocrx_word' id='word_1_279' title='bbox 306 3516 446 3579; x_wconf 89' lang='lat' dir='ltr'>reditum</span> <span class='ocrx_word' id='word_1_280' title='bbox 471 3515 548 3600; x_wconf 89' lang='lat' dir='ltr'>qnid</span> <span class='ocrx_word' id='word_1_281' title='bbox 572 3515 633 3580; x_wconf 91' lang='lat' dir='ltr'>tibi</span> <span class='ocrx_word' id='word_1_282' title='bbox 657 3515 775 3578; x_wconf 89' lang='lat' dir='ltr'>maiori</span> <span class='ocrx_word' id='word_1_283' title='bbox 799 3537 893 3580; x_wconf 90' lang='lat' dir='ltr'>curae</span> <span class='ocrx_word' id='word_1_284' title='bbox 917 3515 993 3598; x_wconf 84' lang='lat' dir='ltr'>fuit,</span> <span class='ocrx_word' id='word_1_285' title='bbox 1017 3537 1116 3600; x_wconf 92' lang='lat' dir='ltr'>quam</span> <span class='ocrx_word' id='word_1_286' title='bbox 1143 3518 1181 3578; x_wconf 87' lang='lat' dir='ltr'>ut</span> <span class='ocrx_word' id='word_1_287' title='bbox 1208 3536 1313 3579; x_wconf 89' lang='lat' dir='ltr'>essem</span> <span class='ocrx_word' id='word_1_288' title='bbox 1343 3535 1407 3598; x_wconf 91' lang='lat' dir='ltr'>ego</span> <span class='ocrx_word' id='word_1_289' title='bbox 1431 3513 1482 3578; x_wconf 93' lang='lat' dir='ltr'>illi</span> 
     </span>
     <span class='ocr_line' id='line_1_31' title="bbox 164 3621 1519 3707; baseline -0.001 -19"><span class='ocrx_word' id='word_1_290' title='bbox 164 3644 296 3707; x_wconf 82' lang='lat' dir='ltr'>aquam</span> <span class='ocrx_word' id='word_1_291' title='bbox 320 3621 620 3686; x_wconf 77' lang='lat' dir='ltr'>familiarissimus?</span> <span class='ocrx_word' id='word_1_292' title='bbox 644 3622 730 3706; x_wconf 88' lang='lat' dir='ltr'>quod</span> <span class='ocrx_word' id='word_1_293' title='bbox 754 3622 914 3686; x_wconf 85' lang='lat' dir='ltr'>effeceras.</span> <span class='ocrx_word' id='word_1_294' title='bbox 961 3643 1117 3707; x_wconf 89' lang='lat' dir='ltr'>quorsum</span> <span class='ocrx_word' id='word_1_295' title='bbox 1140 3622 1244 3707; x_wconf 89' lang='lat' dir='ltr'>igitur</span> <span class='ocrx_word' id='word_1_296' title='bbox 1266 3621 1348 3686; x_wconf 87' lang='lat' dir='ltr'>haee</span> <span class='ocrx_word' id='word_1_297' title='bbox 1371 3623 1479 3687; x_wconf 87' lang='lat' dir='ltr'>oratio</span> <span class='ocrx_word' id='word_1_298' title='bbox 1494 3641 1519 3679; x_wconf 70' lang='grc' dir='ltr'>το</span> 
     </span>
     <span class='ocr_line' id='line_1_32' title="bbox 198 3726 1480 3814; baseline 0.002 -23"><span class='ocrx_word' id='word_1_299' title='bbox 198 3730 341 3814; x_wconf 85' lang='lat' dir='ltr'>longior,</span> <span class='ocrx_word' id='word_1_300' title='bbox 365 3752 462 3813; x_wconf 89' lang='lat' dir='ltr'>quam</span> <span class='ocrx_word' id='word_1_301' title='bbox 485 3729 659 3812; x_wconf 82' lang='lat' dir='ltr'>putaram?</span> <span class='ocrx_word' id='word_1_302' title='bbox 706 3728 783 3812; x_wconf 91' lang='lat' dir='ltr'>quia</span> <span class='ocrx_word' id='word_1_303' title='bbox 811 3750 883 3792; x_wconf 89' lang='lat' dir='ltr'>sum</span> <span class='ocrx_word' id='word_1_304' title='bbox 912 3728 1091 3793; x_wconf 88' lang='lat' dir='ltr'>admiratus</span> <span class='ocrx_word' id='word_1_305' title='bbox 1120 3733 1166 3811; x_wconf 89' lang='lat' dir='ltr'>te,</span> <span class='ocrx_word' id='word_1_306' title='bbox 1190 3727 1246 3812; x_wconf 94' lang='lat' dir='ltr'>qui</span> <span class='ocrx_word' id='word_1_307' title='bbox 1273 3726 1355 3793; x_wconf 84' lang='lat' dir='ltr'>haec</span> <span class='ocrx_word' id='word_1_308' title='bbox 1380 3749 1480 3794; x_wconf 89' lang='lat' dir='ltr'>nosse</span> 
     </span>
     <span class='ocr_line' id='line_1_33' title="bbox 199 3834 1482 3920; baseline 0.001 -21"><span class='ocrx_word' id='word_1_309' title='bbox 199 3836 343 3915; x_wconf 88' lang='lat' dir='ltr'>deberes,</span> <span class='ocrx_word' id='word_1_310' title='bbox 372 3836 545 3920; x_wconf 88' lang='lat' dir='ltr'>quicquam</span> <span class='ocrx_word' id='word_1_311' title='bbox 575 3857 594 3898; x_wconf 90' lang='lat' dir='ltr'>a</span> <span class='ocrx_word' id='word_1_312' title='bbox 621 3857 672 3898; x_wconf 92' lang='lat' dir='ltr'>me</span> <span class='ocrx_word' id='word_1_313' title='bbox 705 3835 929 3919; x_wconf 89' lang='lat' dir='ltr'>commissum,</span> <span class='ocrx_word' id='word_1_314' title='bbox 958 3835 1044 3918; x_wconf 91' lang='lat' dir='ltr'>quod</span> <span class='ocrx_word' id='word_1_315' title='bbox 1075 3838 1162 3900; x_wconf 84' lang='lat' dir='ltr'>esset</span> <span class='ocrx_word' id='word_1_316' title='bbox 1192 3834 1335 3898; x_wconf 85' lang='lat' dir='ltr'>alienum</span> <span class='ocrx_word' id='word_1_317' title='bbox 1363 3839 1482 3900; x_wconf 91' lang='lat' dir='ltr'>nostra</span> 
     </span>
    </p>
   </div>
   <div class='ocr_carea' id='block_1_3' title="bbox 198 4043 1480 4186">
    <p class='ocr_par' dir='ltr' id='par_1_3' title="bbox 198 4043 1480 4186">
     <span class='ocr_line' id='line_1_34' title="bbox 286 4043 1479 4114; baseline 0 -16"><span class='ocrx_word' id='word_1_318' title='bbox 286 4052 311 4099; x_wconf 79' lang='lat'>2.</span> <span class='ocrx_word' id='word_1_319' title='bbox 332 4044 432 4099; x_wconf 88' lang='lat' dir='ltr'>deinde</span> <span class='ocrx_word' id='word_1_320' title='bbox 444 4047 485 4112; x_wconf 94' lang='lat' dir='ltr'>M,</span> <span class='ocrx_word' id='word_1_321' title='bbox 500 4045 620 4114; x_wconf 85' lang='lat' dir='ltr'>denique</span> <span class='ocrx_word' id='word_1_322' title='bbox 631 4046 692 4099; x_wconf 87' lang='lat' dir='ltr'>HD</span> <span class='ocrx_word' id='word_1_323' title='bbox 705 4048 714 4111; x_wconf 86' lang='lat' dir='ltr'>l</span> <span class='ocrx_word' id='word_1_324' title='bbox 729 4050 752 4099; x_wconf 88' lang='grc'>5.</span> <span class='ocrx_word' id='word_1_325' title='bbox 768 4044 881 4098; x_wconf 89' lang='lat' dir='ltr'>ciuilem</span> <span class='ocrx_word' id='word_1_326' title='bbox 891 4046 927 4098; x_wconf 90' lang='lat' dir='ltr'><em>M</em></span> <span class='ocrx_word' id='word_1_327' title='bbox 937 4047 946 4112; x_wconf 83' lang='grc' dir='ltr'>ΙΙ</span> <span class='ocrx_word' id='word_1_328' title='bbox 961 4052 985 4100; x_wconf 90' lang='grc'>6.</span> <span class='ocrx_word' id='word_1_329' title='bbox 1000 4045 1181 4100; x_wconf 84' lang='lat' dir='ltr'>uehementer</span> <span class='ocrx_word' id='word_1_330' title='bbox 1195 4046 1256 4100; x_wconf 90' lang='lat' dir='ltr'>HD</span> <span class='ocrx_word' id='word_1_331' title='bbox 1269 4048 1279 4111; x_wconf 79' lang='lat' dir='ltr'>l]</span> <span class='ocrx_word' id='word_1_332' title='bbox 1293 4050 1316 4098; x_wconf 80' lang='lat'>9.</span> <span class='ocrx_word' id='word_1_333' title='bbox 1333 4043 1392 4097; x_wconf 86' lang='lat' dir='ltr'>sint</span> <span class='ocrx_word' id='word_1_334' title='bbox 1406 4045 1479 4112; x_wconf 90' lang='lat' dir='ltr'>MD,</span> 
     </span>
     <span class='ocr_line' id='line_1_35' title="bbox 198 4115 1480 4186; baseline 0.002 -19"><span class='ocrx_word' id='word_1_335' title='bbox 198 4119 263 4168; x_wconf 87' lang='lat' dir='ltr'>sunt</span> <span class='ocrx_word' id='word_1_336' title='bbox 283 4118 320 4184; x_wconf 84' lang='lat' dir='ltr'>H,</span> <span class='ocrx_word' id='word_1_337' title='bbox 339 4120 403 4183; x_wconf 80' lang='lat' dir='ltr'>sert.</span> <span class='ocrx_word' id='word_1_338' title='bbox 422 4124 491 4172; x_wconf 74' lang='lat' dir='ltr'>recte</span> <span class='ocrx_word' id='word_1_339' title='bbox 511 4121 519 4185; x_wconf 77' lang='lat' dir='ltr'>ll</span> <span class='ocrx_word' id='word_1_340' title='bbox 543 4123 584 4171; x_wconf 87' lang='lat'>10.</span> <span class='ocrx_word' id='word_1_341' title='bbox 605 4119 634 4170; x_wconf 86' lang='lat' dir='ltr'>ct</span> <span class='ocrx_word' id='word_1_342' title='bbox 651 4115 746 4186; x_wconf 89' lang='lat' dir='ltr'>initio]</span> <span class='ocrx_word' id='word_1_343' title='bbox 765 4117 869 4170; x_wconf 83' lang='lat' dir='ltr'>etenim</span> <span class='ocrx_word' id='word_1_344' title='bbox 887 4115 969 4171; x_wconf 89' lang='lat' dir='ltr'>initio</span> <span class='ocrx_word' id='word_1_345' title='bbox 988 4119 1059 4172; x_wconf 82' lang='lat' dir='ltr'>coni.</span> <span class='ocrx_word' id='word_1_346' title='bbox 1080 4117 1174 4184; x_wconf 79' lang='lat' dir='ltr'>Orelli,</span> <span class='ocrx_word' id='word_1_347' title='bbox 1192 4115 1273 4169; x_wconf 89' lang='lat' dir='ltr'>initio</span> <span class='ocrx_word' id='word_1_348' title='bbox 1296 4116 1459 4186; x_wconf 67' lang='lat' dir='ltr'>ll&#39;cseaberp</span> <span class='ocrx_word' id='word_1_349' title='bbox 1471 4118 1480 4185; x_wconf 70' lang='grc' dir='ltr'>’ξ</span> 
     </span>
    </p>
   </div>
   <div class='ocr_carea' id='block_1_4' title="bbox 197 4205 1480 4860">
    <p class='ocr_par' dir='ltr' id='par_1_4' title="bbox 197 4205 1480 4860">
     <span class='ocr_line' id='line_1_36' title="bbox 197 4205 1480 4310; baseline -0.001 -17"><span class='ocrx_word' id='word_1_350' title='bbox 197 4239 251 4293; x_wconf 91' lang='lat' dir='ltr'>ires</span> <span class='ocrx_word' id='word_1_351' title='bbox 272 4240 308 4292; x_wconf 84' lang='lat' dir='ltr'>ad</span> <span class='ocrx_word' id='word_1_352' title='bbox 327 4257 470 4295; x_wconf 88' lang='lat' dir='ltr'>caesarem</span> <span class='ocrx_word' id='word_1_353' title='bbox 490 4242 530 4310; x_wconf 90' lang='lat' dir='ltr'>M,</span> <span class='ocrx_word' id='word_1_354' title='bbox 549 4240 604 4295; x_wconf 88' lang='lat' dir='ltr'>ires</span> <span class='ocrx_word' id='word_1_355' title='bbox 624 4205 755 4308; x_wconf 62' lang='lat' dir='ltr'>desarem,</span> <span class='ocrx_word' id='word_1_356' title='bbox 775 4241 812 4294; x_wconf 91' lang='lat' dir='ltr'>ad</span> <span class='ocrx_word' id='word_1_357' title='bbox 830 4259 890 4310; x_wconf 81' lang='lat' dir='ltr'>sap.</span> <span class='ocrx_word' id='word_1_358' title='bbox 904 4260 954 4296; x_wconf 83' lang='lat' dir='ltr'>scr.</span> <span class='ocrx_word' id='word_1_359' title='bbox 970 4260 988 4295; x_wconf 90' lang='lat' dir='ltr'><em>a</em></span> <span class='ocrx_word' id='word_1_360' title='bbox 1002 4260 1036 4296; x_wconf 87' lang='lat' dir='ltr'>m.</span> <span class='ocrx_word' id='word_1_361' title='bbox 1053 4247 1081 4308; x_wconf 90' lang='lat'>1,</span> <span class='ocrx_word' id='word_1_362' title='bbox 1101 4241 1146 4308; x_wconf 89' lang='lat' dir='ltr'>H,</span> <span class='ocrx_word' id='word_1_363' title='bbox 1167 4240 1260 4294; x_wconf 86' lang='lat' dir='ltr'>adires</span> <span class='ocrx_word' id='word_1_364' title='bbox 1279 4239 1317 4293; x_wconf 89' lang='lat' dir='ltr'>ad</span> <span class='ocrx_word' id='word_1_365' title='bbox 1332 4255 1480 4293; x_wconf 87' lang='lat' dir='ltr'>caesarem</span> 
     </span>
     <span class='ocr_line' id='line_1_37' title="bbox 198 4309 1479 4382; baseline 0.002 -19"><span class='ocrx_word' id='word_1_366' title='bbox 198 4313 227 4363; x_wconf 95' lang='lat' dir='ltr'><em>D</em></span> <span class='ocrx_word' id='word_1_367' title='bbox 240 4316 249 4380; x_wconf 73' lang='lat' dir='ltr'>ss</span> <span class='ocrx_word' id='word_1_368' title='bbox 265 4319 304 4364; x_wconf 90' lang='lat'>11.</span> <span class='ocrx_word' id='word_1_369' title='bbox 318 4318 357 4364; x_wconf 77' lang='lat'>12.</span> <span class='ocrx_word' id='word_1_370' title='bbox 374 4313 473 4380; x_wconf 86' lang='lat' dir='ltr'>quanti</span> <span class='ocrx_word' id='word_1_371' title='bbox 487 4311 653 4380; x_wconf 87' lang='lat' dir='ltr'>praesertim</span> <span class='ocrx_word' id='word_1_372' title='bbox 666 4311 839 4380; x_wconf 86' lang='lat' dir='ltr'>temporibus</span> <span class='ocrx_word' id='word_1_373' title='bbox 851 4313 891 4379; x_wconf 89' lang='lat' dir='ltr'>M,</span> <span class='ocrx_word' id='word_1_374' title='bbox 907 4313 1021 4381; x_wconf 88' lang='lat' dir='ltr'>quantis</span> <span class='ocrx_word' id='word_1_375' title='bbox 1032 4311 1205 4381; x_wconf 89' lang='lat' dir='ltr'>temporibus</span> <span class='ocrx_word' id='word_1_376' title='bbox 1214 4309 1383 4380; x_wconf 89' lang='lat' dir='ltr'>praesertim</span> <span class='ocrx_word' id='word_1_377' title='bbox 1393 4310 1457 4365; x_wconf 90' lang='lat' dir='ltr'>HD</span> <span class='ocrx_word' id='word_1_378' title='bbox 1469 4312 1479 4382; x_wconf 75' lang='grc' dir='ltr'>ΙΙ</span> 
     </span>
     <span class='ocr_line' id='line_1_38' title="bbox 200 4381 1478 4451; baseline 0.001 -17"><span class='ocrx_word' id='word_1_379' title='bbox 200 4389 239 4435; x_wconf 80' lang='grc'>14.</span> <span class='ocrx_word' id='word_1_380' title='bbox 260 4386 371 4435; x_wconf 87' lang='lat' dir='ltr'>tuarum</span> <span class='ocrx_word' id='word_1_381' title='bbox 391 4383 548 4437; x_wconf 87' lang='lat' dir='ltr'>litterarum</span> <span class='ocrx_word' id='word_1_382' title='bbox 567 4383 600 4437; x_wconf 89' lang='grc' dir='ltr'><strong>Η</strong></span> <span class='ocrx_word' id='word_1_383' title='bbox 616 4385 625 4448; x_wconf 89' lang='grc' dir='ltr'>ΙΙ</span> <span class='ocrx_word' id='word_1_384' title='bbox 644 4388 685 4437; x_wconf 85' lang='grc'>15.</span> <span class='ocrx_word' id='word_1_385' title='bbox 705 4383 843 4437; x_wconf 87' lang='lat' dir='ltr'>venissem</span> <span class='ocrx_word' id='word_1_386' title='bbox 867 4384 1014 4450; x_wconf 79' lang='lat' dir='ltr'>Victorius,</span> <span class='ocrx_word' id='word_1_387' title='bbox 1031 4385 1108 4437; x_wconf 77' lang='lat' dir='ltr'>baud</span> <span class='ocrx_word' id='word_1_388' title='bbox 1126 4390 1194 4437; x_wconf 81' lang='lat' dir='ltr'>recte</span> <span class='ocrx_word' id='word_1_389' title='bbox 1211 4385 1221 4451; x_wconf 80' lang='grc'>11</span> <span class='ocrx_word' id='word_1_390' title='bbox 1239 4381 1399 4435; x_wconf 83' lang='lat' dir='ltr'>Trebulano</span> <span class='ocrx_word' id='word_1_391' title='bbox 1418 4381 1478 4451; x_wconf 81' lang='lat' dir='ltr'>(tri-</span> 
     </span>
     <span class='ocr_line' id='line_1_39' title="bbox 198 4451 1479 4524; baseline 0.002 -19"><span class='ocrx_word' id='word_1_392' title='bbox 198 4454 302 4507; x_wconf 91' lang='lat' dir='ltr'>bulano</span> <span class='ocrx_word' id='word_1_393' title='bbox 318 4456 374 4524; x_wconf 80' lang='lat' dir='ltr'>ll)]</span> <span class='ocrx_word' id='word_1_394' title='bbox 394 4457 429 4521; x_wconf 70' lang='lat' dir='ltr'>cs.</span> <span class='ocrx_word' id='word_1_395' title='bbox 446 4456 472 4508; x_wconf 84' lang='lat' dir='ltr'>C.</span> <span class='ocrx_word' id='word_1_396' title='bbox 489 4456 512 4508; x_wconf 92' lang='lat' dir='ltr'>I.</span> <span class='ocrx_word' id='word_1_397' title='bbox 529 4454 563 4508; x_wconf 88' lang='lat' dir='ltr'>L.</span> <span class='ocrx_word' id='word_1_398' title='bbox 577 4454 603 4506; x_wconf 85' lang='lat' dir='ltr'>X</span> <span class='ocrx_word' id='word_1_399' title='bbox 619 4472 648 4522; x_wconf 81' lang='lat' dir='ltr'>p.</span> <span class='ocrx_word' id='word_1_400' title='bbox 664 4459 714 4505; x_wconf 79' lang='lat'>442</span> <span class='ocrx_word' id='word_1_401' title='bbox 730 4457 738 4519; x_wconf 88' lang='grc' dir='ltr'>ΙΙ</span> <span class='ocrx_word' id='word_1_402' title='bbox 753 4461 795 4508; x_wconf 82' lang='grc'>21.</span> <span class='ocrx_word' id='word_1_403' title='bbox 815 4454 970 4524; x_wconf 82' lang='lat' dir='ltr'>advolaris]</span> <span class='ocrx_word' id='word_1_404' title='bbox 990 4453 1114 4508; x_wconf 86' lang='lat' dir='ltr'>auolaris</span> <span class='ocrx_word' id='word_1_405' title='bbox 1133 4454 1206 4521; x_wconf 84' lang='grc' dir='ltr'>ΜΗ,</span> <span class='ocrx_word' id='word_1_406' title='bbox 1226 4451 1408 4508; x_wconf 86' lang='lat' dir='ltr'>aduolaueria</span> <span class='ocrx_word' id='word_1_407' title='bbox 1427 4453 1457 4507; x_wconf 92' lang='lat' dir='ltr'><em>D</em></span> <span class='ocrx_word' id='word_1_408' title='bbox 1468 4452 1479 4522; x_wconf 77' lang='lat' dir='ltr'>ll</span> 
     </span>
     <span class='ocr_line' id='line_1_40' title="bbox 199 4522 1478 4593; baseline 0 -17"><span class='ocrx_word' id='word_1_409' title='bbox 199 4531 240 4577; x_wconf 74' lang='lat'>22.</span> <span class='ocrx_word' id='word_1_410' title='bbox 261 4525 400 4578; x_wconf 89' lang='lat' dir='ltr'>communi</span> <span class='ocrx_word' id='word_1_411' title='bbox 420 4526 453 4578; x_wconf 87' lang='grc' dir='ltr'><em>Η</em></span> <span class='ocrx_word' id='word_1_412' title='bbox 468 4528 477 4593; x_wconf 75' lang='grc' dir='ltr'>Η</span> <span class='ocrx_word' id='word_1_413' title='bbox 498 4532 540 4579; x_wconf 79' lang='grc'>24,</span> <span class='ocrx_word' id='word_1_414' title='bbox 560 4542 604 4577; x_wconf 88' lang='lat' dir='ltr'>mc</span> <span class='ocrx_word' id='word_1_415' title='bbox 623 4541 749 4593; x_wconf 84' lang='lat' dir='ltr'>gererem</span> <span class='ocrx_word' id='word_1_416' title='bbox 767 4526 797 4579; x_wconf 88' lang='lat' dir='ltr'><em>D</em></span> <span class='ocrx_word' id='word_1_417' title='bbox 815 4530 823 4593; x_wconf 72' lang='lat' dir='ltr'>ll</span> <span class='ocrx_word' id='word_1_418' title='bbox 843 4531 884 4580; x_wconf 72' lang='lat'>25.</span> <span class='ocrx_word' id='word_1_419' title='bbox 904 4525 1021 4579; x_wconf 88' lang='lat' dir='ltr'>consilio</span> <span class='ocrx_word' id='word_1_420' title='bbox 1041 4529 1089 4578; x_wconf 92' lang='lat' dir='ltr'>tuo</span> <span class='ocrx_word' id='word_1_421' title='bbox 1108 4525 1169 4578; x_wconf 90' lang='lat' dir='ltr'>HD</span> <span class='ocrx_word' id='word_1_422' title='bbox 1192 4529 1200 4593; x_wconf 80' lang='grc'>[1</span> <span class='ocrx_word' id='word_1_423' title='bbox 1224 4542 1294 4591; x_wconf 85' lang='lat' dir='ltr'>sum,</span> <span class='ocrx_word' id='word_1_424' title='bbox 1313 4523 1343 4577; x_wconf 92' lang='lat' dir='ltr'>in</span> <span class='ocrx_word' id='word_1_425' title='bbox 1361 4522 1478 4593; x_wconf 83' lang='lat' dir='ltr'>reliquia</span> 
     </span>
     <span class='ocr_line' id='line_1_41' title="bbox 199 4594 1479 4668; baseline 0.001 -22"><span class='ocrx_word' id='word_1_426' title='bbox 199 4596 302 4651; x_wconf 83' lang='lat' dir='ltr'>cilicio:</span> <span class='ocrx_word' id='word_1_427' title='bbox 323 4596 368 4649; x_wconf 91' lang='lat' dir='ltr'>eui</span> <span class='ocrx_word' id='word_1_428' title='bbox 387 4598 512 4666; x_wconf 67' lang='lat' dir='ltr'>Madvig,</span> <span class='ocrx_word' id='word_1_429' title='bbox 531 4615 599 4649; x_wconf 82' lang='lat' dir='ltr'>sum.</span> <span class='ocrx_word' id='word_1_430' title='bbox 616 4595 644 4648; x_wconf 90' lang='lat' dir='ltr'>in</span> <span class='ocrx_word' id='word_1_431' title='bbox 659 4595 770 4668; x_wconf 74' lang='lat' dir='ltr'>(&lt;tuis&gt;</span> <span class='ocrx_word' id='word_1_432' title='bbox 785 4599 849 4651; x_wconf 82' lang='lat' dir='ltr'>add.</span> <span class='ocrx_word' id='word_1_433' title='bbox 863 4597 913 4666; x_wconf 87' lang='lat' dir='ltr'>D),</span> <span class='ocrx_word' id='word_1_434' title='bbox 932 4595 1048 4664; x_wconf 87' lang='lat' dir='ltr'>reliquis</span> <span class='ocrx_word' id='word_1_435' title='bbox 1063 4595 1163 4649; x_wconf 87' lang='lat' dir='ltr'>officiis</span> <span class='ocrx_word' id='word_1_436' title='bbox 1178 4594 1224 4649; x_wconf 89' lang='lat' dir='ltr'>cui</span> <span class='ocrx_word' id='word_1_437' title='bbox 1240 4599 1270 4648; x_wconf 84' lang='grc' dir='ltr'>Ψ</span> <span class='ocrx_word' id='word_1_438' title='bbox 1281 4600 1289 4662; x_wconf 75' lang='lat' dir='ltr'>ll</span> <span class='ocrx_word' id='word_1_439' title='bbox 1304 4601 1347 4649; x_wconf 76' lang='lat'>26.</span> <span class='ocrx_word' id='word_1_440' title='bbox 1367 4598 1479 4664; x_wconf 88' lang='lat' dir='ltr'>praeter</span> 
     </span>
     <span class='ocr_line' id='line_1_42' title="bbox 199 4665 1477 4750; baseline 0.003 -35"><span class='ocrx_word' id='word_1_441' title='bbox 199 4684 242 4718; x_wconf 87' lang='lat' dir='ltr'>mc</span> <span class='ocrx_word' id='word_1_442' title='bbox 264 4669 307 4731; x_wconf 89' lang='lat' dir='ltr'>M,</span> <span class='ocrx_word' id='word_1_443' title='bbox 327 4671 440 4736; x_wconf 88' lang='lat' dir='ltr'>propter</span> <span class='ocrx_word' id='word_1_444' title='bbox 458 4686 502 4721; x_wconf 85' lang='lat' dir='ltr'>nrc</span> <span class='ocrx_word' id='word_1_445' title='bbox 522 4669 563 4734; x_wconf 92' lang='lat' dir='ltr'>D,</span> <span class='ocrx_word' id='word_1_446' title='bbox 584 4669 697 4736; x_wconf 87' lang='lat' dir='ltr'>practer</span> <span class='ocrx_word' id='word_1_447' title='bbox 714 4668 746 4720; x_wconf 85' lang='lat' dir='ltr'>ll</span> <span class='ocrx_word' id='word_1_448' title='bbox 769 4672 777 4736; x_wconf 85' lang='grc' dir='ltr'>ΙΙ</span> <span class='ocrx_word' id='word_1_449' title='bbox 800 4667 884 4720; x_wconf 88' lang='lat' dir='ltr'>horas</span> <span class='ocrx_word' id='word_1_450' title='bbox 903 4685 975 4750; x_wconf 67' lang='lat' dir='ltr'>quae</span> <span class='ocrx_word' id='word_1_451' title='bbox 995 4669 1032 4721; x_wconf 92' lang='lat' dir='ltr'>M</span> <span class='ocrx_word' id='word_1_452' title='bbox 1050 4672 1059 4737; x_wconf 87' lang='grc' dir='ltr'>ΙΙ</span> <span class='ocrx_word' id='word_1_453' title='bbox 1082 4673 1124 4721; x_wconf 76' lang='lat'>28.</span> <span class='ocrx_word' id='word_1_454' title='bbox 1145 4668 1215 4720; x_wconf 89' lang='lat' dir='ltr'>haec</span> <span class='ocrx_word' id='word_1_455' title='bbox 1234 4665 1477 4736; x_wconf 77' lang='grc' dir='ltr'><em>φιλοσοφούμενα]</em></span> 
     </span>
     <span class='ocr_line' id='line_1_43' title="bbox 200 4737 1477 4860; baseline 0.003 -74"><span class='ocrx_word' id='word_1_456' title='bbox 200 4737 539 4860; x_wconf 63' lang='grc' dir='ltr'>ΙοοοοΙροίΙοεοοίιοωοοο</span> <span class='ocrx_word' id='word_1_457' title='bbox 554 4738 625 4806; x_wconf 79' lang='grc' dir='ltr'>ΜΠ,</span> <span class='ocrx_word' id='word_1_458' title='bbox 646 4739 716 4791; x_wconf 90' lang='lat' dir='ltr'>haec</span> <span class='ocrx_word' id='word_1_459' title='bbox 735 4739 771 4791; x_wconf 88' lang='lat' dir='ltr'>ad</span> <span class='ocrx_word' id='word_1_460' title='bbox 790 4740 925 4809; x_wconf 87' lang='lat' dir='ltr'>populum</span> <span class='ocrx_word' id='word_1_461' title='bbox 944 4757 985 4794; x_wconf 86' lang='lat' dir='ltr'>ers</span> <span class='ocrx_word' id='word_1_462' title='bbox 999 4741 1028 4793; x_wconf 93' lang='lat' dir='ltr'><em>D</em></span> <span class='ocrx_word' id='word_1_463' title='bbox 1042 4743 1051 4809; x_wconf 72' lang='lat' dir='ltr'>ll</span> <span class='ocrx_word' id='word_1_464' title='bbox 1066 4745 1106 4793; x_wconf 75' lang='grc'>29.</span> <span class='ocrx_word' id='word_1_465' title='bbox 1127 4755 1180 4808; x_wconf 87' lang='lat' dir='ltr'>ego</span> <span class='ocrx_word' id='word_1_466' title='bbox 1195 4757 1245 4794; x_wconf 78' lang='lat' dir='ltr'>cru.</span> <span class='ocrx_word' id='word_1_467' title='bbox 1263 4738 1293 4791; x_wconf 93' lang='lat' dir='ltr'>D</span> <span class='ocrx_word' id='word_1_468' title='bbox 1306 4741 1315 4808; x_wconf 84' lang='grc' dir='ltr'>ΙΙ</span> <span class='ocrx_word' id='word_1_469' title='bbox 1329 4743 1372 4791; x_wconf 83' lang='grc'>30.</span> <span class='ocrx_word' id='word_1_470' title='bbox 1392 4753 1477 4807; x_wconf 85' lang='lat' dir='ltr'>quarn</span> 
     </span>
     <span class='ocr_line' id='line_1_44' title="bbox 200 4813 298 4859; baseline 0.01 -1"><span class='ocrx_word' id='word_1_471' title='bbox 200 4825 248 4858; x_wconf 80' lang='grc' dir='ltr'><em>οοι..</em></span> <span class='ocrx_word' id='word_1_472' title='bbox 283 4813 298 4859; x_wconf 85' lang='grc'><strong><em>)</em></strong></span> 
     </span>
    </p>
   </div>
   <div class='ocr_carea' id='block_1_5' title="bbox 0 0 1648 5460">
    <p class='ocr_par' dir='ltr' id='par_1_5' title="bbox 0 0 1648 5460">
     <span class='ocr_line' id='line_1_45' title="bbox 0 0 1648 5460; baseline 0 0"><span class='ocrx_word' id='word_1_473' title='bbox 0 0 1648 5460; x_wconf 95' lang='lat' dir='ltr'> </span> 
     </span>
    </p>
   </div>
  </div>
 </body>
</html>
