3286 5460
591 110 846 166 EPISTVLARVM
865 114 884 166 1.
905 117 946 166 10.
965 112 998 166 Π.
1020 117 1042 165 1.
1062 116 1087 165 8.
1435 110 1477 174 29

196 293 343 336 amorem
367 277 469 339 tuum.
511 273 660 359 equidem
682 274 845 339 neminem
868 272 1084 360 praetermisi,
1108 295 1205 358 quem
1228 273 1358 358 quidem
1381 273 1421 337 ad
1444 277 1478 337 te

195 384 431 464 perventurum
449 384 608 465 putarem,
628 382 680 446 cui
699 382 827 447 litteras
846 404 912 446 non
930 381 1085 464 dederim,
1109 379 1229 444 etenim
1249 378 1321 462 quis
1341 383 1391 443 est
1410 383 1478 443 tam

196 485 261 567 [in]
289 486 459 552 scribendo
488 487 627 574 impiger
660 510 757 573 quam
785 489 869 574 ego?
907 510 926 552 a
952 493 986 552 te
1013 508 1089 552 vero
1117 486 1169 550 bis
1197 490 1286 550 terve
1314 508 1477 550 summurn

195 596 231 656 et
254 615 309 657 eas
328 594 495 677 perbrevis
514 596 633 680 accepi.
675 617 783 679 quare,
807 595 834 658 si
857 593 989 678 iniquus
1013 616 1047 659 es
1070 593 1104 657 in
1127 615 1178 656 me
1202 592 1306 670 iudex,
1331 592 1477 658 condem·

166 699 284 765 snabo
304 700 417 766 eodem
436 723 498 788 ego
516 706 550 766 te
569 702 717 785 crimine,
741 701 792 766 sin
811 723 862 765 me
881 700 915 765 id
934 700 1040 766 facere
1059 700 1160 783 noles,
1183 703 1216 763 te
1236 698 1317 763 mihi
1336 720 1476 782 aequum

195 806 352 890 praebere
380 807 522 873 debebis.
569 809 625 874 sed
654 809 692 873 de
724 808 844 872 litteris
873 808 1045 890 hactenus,
1074 828 1141 871 non
1169 805 1255 870 eninr
1282 826 1408 886 vereor,
1436 827 1477 868 ne

194 933 262 976 non
295 913 468 979 scribendo
501 920 534 980 te
566 916 730 1000 expleam,
761 913 955 1000 praesertim
987 913 1015 978 si
1048 912 1082 976 in
1111 934 1149 977 eo
1182 933 1299 998 genere
1332 912 1475 977 studium

195 1040 305 1082 meum
332 1040 398 1084 non
426 1022 648 1106 aspernabere.
695 1044 756 1108 ego
784 1026 817 1086 te
846 1020 965 1085 afuisse
996 1019 1119 1085 tamdiu
1149 1042 1169 1083 a
1195 1018 1289 1083 nobis
1318 1022 1352 1082 et
1379 1018 1512 1103 dolui,2

195 1125 283 1208 quod
303 1127 392 1191 carui
410 1127 518 1194 fructu
538 1127 789 1194 iucundissimae
804 1126 1054 1209 consuetudinis,
1074 1130 1108 1190 et
1127 1126 1241 1208 laetor,
1254 1125 1346 1208 ‚quod
1360 1124 1477 1188 absens

154 1258 181 1298 ro
195 1233 308 1296 omnia
339 1255 412 1299 cum
443 1235 585 1299 maxima
612 1235 773 1321 dignitate
801 1257 836 1300 es
864 1237 1055 1299 consecutus
1087 1233 1236 1316 quodque
1264 1230 1299 1294 in
1327 1231 1477 1295 omnibus

196 1339 264 1403 tuis
287 1340 384 1405 rebus
408 1341 489 1406 meis
514 1340 637 1425 optatis
661 1341 793 1406 fortuna
815 1340 991 1425 respondit.
1026 1340 1124 1404 breve
1148 1342 1208 1422 est,
1232 1338 1317 1422 quod
1341 1358 1392 1401 me
1416 1337 1477 1401 tibi

195 1447 383 1531 praecipere
406 1470 497 1513 meus
521 1447 721 1514 incredibilis
744 1448 779 1512 in
802 1452 835 1512 te
859 1468 951 1512 amor
973 1445 1081 1532 cogit:
1105 1449 1198 1509 tanta
1221 1449 1272 1508 est
1296 1444 1477 1528 expectatio

195 1551 248 1616 vel
281 1552 383 1618 animi
410 1554 461 1618 vel
495 1553 618 1641 ingenii
645 1554 708 1638 tui,
739 1558 777 1618 ut
805 1575 865 1640 ego
894 1557 926 1618 te
959 1573 1127 1638 opsecrare
1161 1551 1383 1636 optestarique
1411 1572 1477 1615 non

195 1658 354 1742 dubitem,
377 1660 424 1725 sio
448 1662 488 1725 ad
511 1682 571 1726 nos
594 1660 815 1725 conformatus
839 1665 1011 1744 revertare,
1034 1663 1081 1744 ut,
1103 1681 1201 1743 quam
1220 1658 1477 1742 expectationem

157 1765 245 1831 151111
275 1766 461 1852 concitasti,
488 1766 573 1832 hanc
600 1767 761 1831 sustinere
789 1789 827 1832 ac
856 1767 941 1831 tueri
968 1768 1088 1851 possis,
1116 1771 1162 1850 et,
1192 1765 1345 1850 quoniam
1373 1787 1478 1830 meam

195 1876 330 1937 tuorum
353 1894 431 1958 erga
455 1895 506 1937 me
530 1873 720 1939 meritorum
748 1873 940 1938 memoriam
963 1874 1052 1938 nulla
1074 1895 1229 1958 umquam
1253 1872 1376 1936 delebit
1399 1872 1480 1936 obli·

195 1977 259 2059 vio,
282 1982 316 2043 te
340 2000 430 2065 rogo,
453 1983 491 2044 ut
514 1979 710 2064 memineris,
733 1984 1012 2065 quantaecumque
1036 1980 1098 2044 tibi
1117 1979 1318 2045 accessiones
1342 1978 1422 2042 fient
1445 1982 1478 2042 et

196 2083 349 2150 fortunae
372 2091 406 2150 et
428 2086 611 2172 dignitatis,
633 2108 688 2152 eas
712 2091 744 2152 te
768 2110 834 2153 non
852 2087 998 2173 potuisse
1017 2087 1180 2170 consequi,
1205 2085 1269 2150 nisi
1293 2085 1374 2148 meis
1397 2107 1479 2169 puer

198 2191 278 2256 olim
301 2191 500 2256 fidelissimis
524 2197 622 2277 atque
646 2194 881 2259 amantissimis
910 2192 1055 2259 consiliis
1079 2193 1252 2278 paruisses.
1295 2213 1393 2275 quare
1416 2189 1478 2255 hoc

159 2299 307 2364 nanimo
335 2297 370 2362 in
399 2320 459 2362 nos
487 2320 558 2364 esse
587 2299 735 2384 debebis,
766 2304 804 2364 ut
832 2305 921 2365 aetas
954 2305 1068 2364 nostra
1096 2300 1160 2364 iarn
1191 2299 1418 2384 ingravescens
1447 2298 1480 2361 in

199 2426 309 2469 amore
333 2408 431 2488 atque
455 2402 490 2469 in
512 2405 733 2471 adulescentia
756 2412 813 2471 tua
837 2405 1053 2491 conquiescat.

758 2567 799 2631 II.
850 2568 901 2632 62.

525 2681 569 2746 Μ.
593 2679 754 2749 CICERO
780 2681 811 2747 S.
834 2564 874 2746 l).
898 2564 932 2746 (ll.
957 2679 1152 2748 CVRIONI.

250 2861 260 2877 ‚
286 2792 387 2859 Gravi
410 2800 494 2860 teste
512 2797 660 2882 privatus
680 2820 752 2862 sum
776 2797 896 2862 amoris
916 2797 1035 2862 summi
1054 2818 1133 2882 erga
1151 2799 1184 2860 te
1203 2794 1277 2873 mei,
1299 2800 1393 2880 patre
1412 2801 1479 2878 tuo,

147 2900 381 2967 siclarissimo
405 2903 485 2987 viro,
509 2905 658 2987 quicum
682 2905 750 2969 suis
774 2904 933 2989 laudibus,
957 2908 1027 2967 tum
1049 2925 1125 2967 vero
1149 2907 1181 2966 te
1205 2902 1273 2966 filio
1293 2907 1479 2987 superasset

200 3008 343 3071 omnium
366 3007 541 3095 fortunam,
565 3010 593 3074 si
616 3011 646 3075 ei
675 3010 878 3096 contigisset,
901 3015 939 3074 ut
958 3016 990 3075 te
1010 3014 1084 3074 ante
1103 3008 1234 3092 videret,
1258 3031 1355 3092 quam
1375 3031 1394 3073 8
1411 3010 1480 3073 vita

198 3113 389 3199 discederet3
418 3115 475 3179 sed
503 3138 598 3201 spero
625 3121 772 3182 nostram
803 3117 983 3182 amicitiam
1005 3138 1072 3181 non
1100 3135 1194 3199 egere
1222 3115 1372 3180 testibus.
1417 3117 1478 3180 tibi

199 3220 434 3302 patrimonium
462 3223 513 3287 dei
541 3222 722 3289 fortunent:
750 3246 801 3288 me
829 3228 916 3289 certe
943 3222 1094 3305 habebis,
1122 3222 1175 3286 cui
1199 3226 1232 3286 et
1256 3244 1349 3287 carus
1377 3210 1478 3304 aeque

199 3326 242 3391 sis
266 3331 301 3392 et
324 3328 498 3414 iucundus,
520 3351 559 3395 ac
581 3331 675 3396 fuisti
699 3331 795 3415 patri.

287 3489 312 3537 2.
332 3484 457 3553 putarim
471 3485 513 3554 Sl}
528 3491 552 3542 3.
567 3485 598 3540 18
611 3487 667 3553 RS,
686 3505 737 3543 om.
753 3488 790 3541 M
799 3490 808 3557 ΙΙ
823 3489 860 3542 ad
874 3490 903 3541 te
917 3488 959 3557 Sss
972 3489 1050 3541 terue
1065 3484 1120 3540 SM
1123 3493 1143 3552 0,
1162 3487 1240 3539 terne
1255 3486 1292 3537 M
1295 3485 1310 3551 ¹,
1325 3486 1423 3552 terque
1441 3485 1479 3538 R*

200 3553 234 3607 ad
253 3570 394 3608 summum
408 3557 444 3610 M
446 3557 505 3610 ¹1³²
523 3558 555 3612 in
567 3576 618 3628 my.
633 3560 642 3627 ΙΙ
656 3563 680 3613 4.
700 3575 730 3612 88
749 3559 811 3613 S-
821 3562 846 3614 ei
864 3560 971 3628 qniden
987 3558 1094 3612 silentio
1112 3559 1250 3611 collatoris
1263 3558 1345 3622 fidere
1364 3558 1425 3610 iicet
1435 3587 1478 3623 -‚

201 3627 241 3678 est
259 3625 323 3679 MR
341 3626 382 3694 (in
400 3627 438 3680 M
451 3629 465 3681 t
482 3632 572 3697 81888)
587 3630 634 3698 114.
650 3634 674 3683 5.
695 3629 886 3684 condemnabo
906 3631 933 3695 S,
952 3628 1154 3683 commendabo
1173 3628 1235 3681 MR
1249 3629 1258 3695 ΙΙ
1272 3632 1296 3681 t.
1317 3627 1351 3680 de
1366 3645 1416 3681 oni.
1432 3628 1459 3681 a
1470 3644 1478 3693 q

202 3698 222 3748 1.
240 3711 344 3765 genere
363 3697 419 3763 Rs,
438 3713 538 3769 aegere
558 3700 594 3752 M
609 3702 618 3767 ΙΙ
638 3704 679 3754 10.
699 3700 841 3771 quodque]
862 3699 943 3764 Quod
963 3702 997 3767 G,
1016 3701 1064 3768 qni
1081 3715 1179 3753 rursus
1196 3699 1296 3766 incipit
1309 3700 1318 3766 ss
1338 3703 1379 3752 12.
1398 3714 1478 3766 prae-

202 3765 291 3835 cipere
313 3783 393 3821 meua
416 3768 468 3823 Rs
505 3769 694 3839 praeciperem
717 3770 776 3825 eius
801 3773 857 3840 (sed
875 3770 886 3824 i
904 3772 993 3840 noso)
1018 3773 1064 3838 M,
1092 3768 1281 3839 praeciperem
1302 3769 1327 3822 G
1350 3771 1359 3836 ΙΙ
1383 3775 1424 3823 13.
1450 3771 1479 3821 et

203 3850 251 3906 ego
270 3838 292 3891 S
312 3839 322 3906 l
346 3844 387 3892 14.
412 3812 600 3894 conlormatus
620 3842 667 3909 M,
695 3842 874 3896 confirmatus
899 3842 977 3896 GBS
993 3843 1072 3910 (Μ’).
1105 3847 1249 3909 utrumqne
1275 3841 1353 3894 babet
1377 3857 1428 3907 qno
1451 3857 1479 3892 se

204 3909 362 3962 mmmmdet
376 3912 385 3977 ΙΙ
398 3913 539 3964 reuertere
558 3912 580 3964 S
595 3912 644 3978 (M
646 3916 681 3980 ¹),
703 3915 842 3966 reuertere
862 3914 966 3979 MGR,
988 3914 1060 3982 quaed
1079 3914 1110 3965 in
1127 3913 1176 3966 boc
1193 3912 1387 3965 sententiarum
1406 3928 1479 3963 nean

204 3992 259 4033 888
268 3979 440 4035 Hellmnticio
455 3984 559 4052 (propr.
571 3983 736 4064 Wircebnrp.
754 3988 821 4036 1888
832 3986 913 4053 pfl)
924 3987 1008 4038 terreri
1022 3986 1070 4037 818
1080 3990 1168 4052 potest
1182 3984 1191 4050 ll
1206 3988 1296 4036 1816,
1309 3996 1400 4034 meam
1412 3997 1479 4050 erga

205 4063 242 4129 ne
261 4052 375 4103 tuorum
394 4067 460 4107 mer.
481 4054 530 4120 Gli
545 4059 586 4107 16.
606 4070 741 4108 memorre
759 4053 819 4107 8118
838 4056 874 4107 M
890 4055 1064 4121 (memoriam
1083 4053 1162 4106 nulla
1181 4054 1252 4120 ΜΓ),
1278 4051 1356 4104 88118
1375 4068 1477 4104 memo-

205 4121 380 4189 88881117.
400 4125 609 4192 8188881118.
629 4124 683 4177 nisi
698 4126 725 4193 S,
744 4124 819 4191 nio,
839 4126 870 4178 ut
888 4128 957 4194 (sup.
972 4143 1009 4180 vs.
1024 4144 1042 4178 α
1057 4143 1089 4179 m.
1107 4131 1133 4182 1)
1148 4125 1184 4190 R,
1203 4122 1478 4190 οηι.1111180.21,18

206 4189 248 4245 tuo
268 4207 364 4245 amore
379 4196 463 4261 atque
478 4194 670 4249 adolescentia
685 4195 865 4263 conquiescat
875 4198 896 4249 S
907 4199 916 4263 ΙΙ
930 4202 971 4249 21.
983 4195 1171 4263 conquiescat.
1188 4192 1328 4262 incipiunt
1342 4193 1478 4263 epistolae

205 4257 285 4316 Tullii
305 4262 447 4317 Ciceronis
471 4265 507 4319 ad
533 4265 622 4319 filium
646 4266 757 4319 Lentuli
781 4267 807 4320 G
829 4269 838 4335 ll
861 4272 903 4320 23.
923 4270 1127 4336 inscriptionem
1150 4284 1200 4319 our.
1222 4265 1290 4331 GR,
1315 4262 1343 4318 C.
1368 4283 1418 4320 orn.
1438 4267 1479 4335 Sil

206 4335 241 4387 tt.
261 4333 287 4387 ei
307 4351 356 4387 om.
379 4334 460 4404 11118
479 4336 541 4390 8118
561 4338 676 4405 (1111110,
696 4336 821 4390 amauita
840 4339 876 4390 Μ
880 4338 895 4405 ¹,
920 4337 981 4391 uita
1000 4339 1026 4393 S.
1046 4340 1080 4403 cs.
1102 4337 1179 4390 Tnsc.
1200 4336 1220 4402 1,
1241 4341 1283 4403 31,
1299 4341 1344 4390 84:
1372 4337 1401 4389 ‘a
1419 4337 1480 4390 vita

206 4403 315 4469 quidam
335 4421 386 4474 per
404 4404 528 4461 inediam
548 4407 705 4461 discedens'
722 4412 786 4477 1187.
802 4407 856 4461 tibi
866 4440 900 4448 -
910 4415 952 4463 88.
967 4408 1111 4463 fortunent
1124 4408 1203 4461 habet
1217 4407 1328 4461 Nonius
1338 4425 1368 4476 p.
1378 4414 1479 4475 109,1o

207 4471 295 4544 Mero,
313 4476 522 4545 11815818
542 4479 624 4534 Melz.
643 4482 689 4547 (cs.
707 4481 739 4533 L.
753 4481 860 4534 Gnriitt
875 4498 967 4550 propr.
983 4480 1093 4549 11891118
1108 4481 1177 4531 1888
1193 4496 1221 4546 p.
1233 4483 1280 4532 22:
1299 4496 1332 4532 ex
1351 4496 1479 4534 cornicen-

207 4547 280 4602 tcriis
299 4546 455 4618 Plautinis)
469 4552 479 4620 l
493 4555 536 4605 28.
556 4549 601 4604 dei
621 4551 711 4620 Mod,
731 4550 771 4604 dii
789 4551 825 4620 R,
846 4550 875 4604 di
894 4552 1005 4605 ltonins
1017 4553 1027 4621 l
1041 4556 1083 4605 89,
1103 4566 1136 4604 88
1154 4549 1291 4603 iocundus
1311 4551 1332 4604 S
