3286 5460
198 358 260 420 120
648 355 684 408 Μ.
704 354 810 408 TVLLI
831 352 1019 408 CICERONIS

195 521 227 584 id
255 524 319 602 est,
346 524 383 584 ut
411 525 444 584 et
472 541 676 584 communem
705 518 928 602 incertumque
959 539 1084 600 casum,
1114 539 1210 603 quem
1237 539 1343 602 neque
1373 517 1477 583 vitsre

196 627 368 711 quisquam
386 631 536 691 nostrum
559 649 619 691 nee
642 631 808 710 praestare
829 625 899 693 ,ullo
922 629 1021 709 paeto
1044 629 1162 709 potest,
1185 624 1352 710 sapienter
1375 624 1476 689 ferres

196 738 229 797 et
256 733 360 798 dolori
389 732 520 798 fortiter
548 755 585 798 ac
613 733 763 797 fortunae
787 731 955 796 resisteres
984 732 1210 817 cogitaresque
1239 735 1273 797 et
1300 732 1336 795 in
1363 735 1476 796 nostra

196 840 328 903 civitate
357 843 390 903 et
416 840 452 903 in
481 839 610 923 ceteris,
639 861 720 924 quae
744 861 853 903 rerum
875 838 1002 923 potitae
1026 842 1116 924 sunt,
1143 839 1256 903 multis
1284 838 1474 903 fortissimis

196 952 294 1029 atque
327 947 460 1030 optimis
498 946 577 1011 viris
614 945 745 1010 iniustis
778 945 907 1011 iudiciis
948 945 1024 1010 talis
1057 967 1150 1010 casus
1183 944 1344 1011 incidisse.
1395 944 1509 1008 illude

196 1055 321 1118 utinam
345 1076 385 1117 ne
408 1076 482 1118 vere
506 1053 691 1137 scriberem,
715 1075 753 1116 ea
775 1057 808 1117 te
833 1075 867 1116 re
890 1075 920 1137 p.
946 1073 1063 1135 carere,
1086 1051 1122 1115 in
1139 1074 1206 1136 qua
1222 1052 1386 1117 neminem
1404 1074 1474 1137 pru-

162 1177 177 1222 4
199 1161 327 1224 dentem
350 1160 516 1226 hominem
540 1183 592 1225 res
615 1160 684 1224 ulla
707 1160 858 1226 delectet!
901 1160 939 1225 de
964 1163 1020 1223 tuo
1044 1160 1154 1223 sutem
1177 1158 1259 1243 filio,
1282 1180 1405 1243 vereor,
1427 1181 1474 1242 ne,

196 1267 224 1329 si
247 1266 328 1331 nihil
353 1269 393 1332 ad
417 1271 450 1331 te
473 1267 677 1352 scripserim,
704 1267 852 1331 debitum
880 1267 949 1330 eius
977 1266 1093 1330 virtuti
1116 1265 1226 1330 videar
1249 1264 1473 1331 testimoninm

196 1396 261 1436 non
285 1373 421 1457 dedisse,
444 1374 494 1437 sin
519 1378 628 1438 autem
652 1374 771 1458 omnia,
794 1395 876 1457 quae
900 1373 1020 1456 sentio,
1042 1371 1299 1456 perscripserim,
1322 1395 1364 1437 nc
1388 1371 1474 1436 refri-

197 1501 266 1543 cem
291 1480 371 1543 meis
394 1480 514 1544 litteris
543 1480 737 1544 desiderium
761 1502 798 1545 ac
822 1480 968 1544 dolorem
992 1484 1099 1562 tuum3
1129 1478 1185 1543 sed
1208 1482 1319 1543 tamen
1341 1478 1473 1563 prnden·
1485 1498 1504 1536 ιι

199 1585 324 1650 tissime
348 1585 462 1670 facies,
490 1587 518 1650 si
542 1587 629 1651 illius
654 1586 823 1671 pietatem,
851 1586 1021 1670 virtutem,
1051 1585 1260 1670 industriam,
1282 1585 1475 1669 ubicumque

198 1692 276 1772 eris,
304 1697 394 1756 tuam
425 1717 509 1778 esse,
537 1698 645 1758 tecum
673 1715 743 1758 esse
772 1694 883 1779 duces,
913 1715 973 1758 nec
1001 1692 1089 1758 enim
1116 1691 1224 1756 minus
1251 1696 1367 1756 nostra
1393 1696 1476 1775 sunt,

162 1816 280 1881 equae
304 1800 412 1863 animo
433 1800 686 1883 complectimur,
710 1822 807 1884 quam
828 1822 910 1883 quse
934 1797 1037 1864 oeulis
1056 1799 1229 1863 intuemur.
1266 1799 1476 1884 quamobrem

199 1910 232 1968 ot
260 1905 348 1970 illius
382 1906 500 1970 eximia
527 1906 631 1970 virtus
664 1928 875 1991 summusque
902 1906 936 1970 in
964 1909 996 1970 te
1025 1928 1117 1970 amor
1149 1927 1286 1992 magnae
1316 1904 1380 1969 tibi
1407 1927 1478 1971 con·

200 2012 354 2076 solationi
383 2013 480 2077 debet
507 2035 578 2078 esse
603 2017 636 2077 et
658 2036 718 2079 nos
746 2013 924 2099 ceterique,
954 2013 1010 2097 qui
1038 2017 1070 2076 te
1099 2033 1164 2077 non
1187 2033 1226 2076 ex
1250 2005 1397 2094 fortuna,
1424 2010 1478 2075 sed
1493 2027 1523 2068 1⁵

199 2142 237 2182 ex
265 2119 388 2184 virtute
416 2123 478 2183 tua·
500 2119 671 2204 pendimus
701 2142 893 2205 semperque
926 2120 1118 2205 pendemus,
1150 2123 1184 2184 et
1211 2117 1352 2183 maxime
1381 2116 1478 2182 animi

199 2225 247 2289 tui
272 2226 485 2310 conscientia,
514 2249 586 2291 cum
614 2226 675 2291 tibi
703 2227 785 2290 nihil
813 2226 931 2291 merito
960 2224 1115 2291 accidisse
1144 2224 1312 2309 reputabis
1340 2228 1374 2288 et
1400 2224 1479 2288 illud

199 2332 372 2418 adiunges,
399 2333 547 2399 homines
572 2334 729 2419 sapientis
758 2333 973 2418 turpitudine,
1002 2355 1069 2397 non
1092 2353 1184 2418 casn,
1211 2335 1245 2396 et
1268 2330 1389 2396 delicto
1413 2353 1480 2413 suo,

198 2462 264 2504 non
292 2441 431 2505 aliorum
462 2440 581 2506 iniuria
604 2441 818 2506 commoveri.
864 2460 925 2525 ego
955 2444 989 2505 et
1017 2439 1174 2504 memoria
1200 2442 1333 2503 nostrae
1362 2436 1479 2503 veteris

199 2547 360 2612 amicitiae
383 2552 417 2612 et
440 2548 561 2612 virtute
591 2553 688 2633 atque
720 2547 929 2612 observantia
952 2546 1012 2611 filii
1036 2546 1087 2610 tui
1115 2545 1260 2611 monitus
1288 2543 1380 2609 nullo
1408 2544 1479 2608 loeo
1523 2548 1564 2593 Ξ

199 2654 275 2717 dero
304 2677 408 2738 neque
437 2656 476 2719 ad
505 2655 735 2720 consolandam
768 2676 873 2739 neque
901 2655 941 2718 ad
973 2652 1144 2719 levandam
1177 2652 1343 2716 fortunam
1377 2653 1480 2715 tuam:

200 2756 288 2825 tusi
313 2761 390 2844 quid
418 2762 458 2825 sd
486 2785 537 2826 me
565 2761 650 2825 forte
680 2762 863 2846 scripseris,
890 2759 1071 2846 perficiam,
1100 2782 1141 2824 ne
1169 2763 1201 2823 te
1229 2759 1355 2823 frustra
1383 2757 1480 2843 scrip-

201 2868 283 2932 sisse
309 2868 475 2932 arbitrere.

718 3027 842 3092 xvin.
876 3026 958 3114 (co.)

553 3168 596 3231 M.
621 3167 779 3234 oroneo
804 3169 836 3235 s.
860 3169 898 3234 n.
922 3169 957 3232 1.
981 3165 1126 3232 nimo.
1491 3175 1564 3226 ς

168 3329 179 3374 1
290 3311 364 3374 Etsi
392 3315 533 3395 egomet,
568 3309 624 3394 qui
652 3315 684 3376 te
714 3311 875 3386 consolari
908 3311 1017 3396 cupio,
1051 3311 1267 3376 consolandus
1297 3310 1368 3395 ipse
1398 3332 1481 3392 sum,

201 3423 373 3502 propterea
397 3417 481 3502 quod
505 3417 628 3480 nnllam
653 3440 720 3482 rem
744 3418 876 3501 gravius
896 3418 1019 3485 iamdiu
1038 3418 1100 3482 tuli
1120 3440 1217 3501 quam
1237 3417 1482 3482 incommodum

201 3529 306 3608 tuum,
340 3528 449 3588 tamen
477 3527 510 3587 te
537 3545 656 3609 magno
688 3547 784 3608 opere
812 3547 879 3589 non
910 3526 1026 3589 hortor
1054 3524 1175 3609 solum,
1208 3524 1264 3588 sed
1291 3523 1393 3588 etiam
1421 3546 1482 3609 pro

201 3654 310 3695 amore
340 3635 453 3695 nostro
482 3651 562 3715 rogo
595 3635 692 3715 atque
722 3653 794 3717 ore,
825 3636 857 3695 te
888 3630 1025 3716 colligas
1055 3630 1225 3715 virumque
1253 3630 1411 3715 praebeas
1440 3635 1482 3715 et,

202 3759 265 3821 qua
284 3737 471 3802 condicione
492 3759 602 3801 omnes
622 3737 770 3802 homines
790 3741 823 3801 et
842 3737 959 3820 quibus
980 3737 1181 3821 temporibus
1199 3759 1260 3802 nos
1279 3735 1349 3801 nati
1370 3737 1482 3820 simus,
1496 3735 1564 3796 Ξ

202 3844 336 3928 cogites.
373 3843 446 3927 plus
466 3844 527 3907 tibi
547 3844 652 3908 virtus
672 3849 729 3908 tua
747 3844 845 3928 dedit,
870 3865 967 3927 quam
985 3843 1118 3908 fortuna
1130 3844 1284 3927 abstulit,
1307 3848 1485 3928 propterea

202 3951 286 4032 quod
319 3950 455 4034 atleptus
486 3973 534 4034 es,
567 3951 652 4034 quod
681 3974 748 4015 non
781 3951 876 4015 multi
909 3951 1057 4015 homines
1088 3951 1178 4036 novi,
1211 3950 1366 4034 amisisti,
1400 3972 1483 4034 quse

291 4166 314 4214 1.
334 4163 365 4213 ut
384 4162 412 4214 et
430 4162 472 4227 M,
491 4163 523 4213 ut
542 4162 597 4216 GR
610 4164 619 4229 ΙΙ
634 4167 657 4216 4,
677 4160 853 4214 fermissimis
873 4161 911 4214 Μ
920 4163 929 4230 ΙΙ
943 4167 966 4215 6.
987 4178 1021 4214 ne
1040 4162 1117 4232 vere]
1137 4178 1207 4215 neue
1227 4162 1268 4229 M,
1289 4178 1382 4229 neque
1403 4163 1460 4217 GR
1476 4164 1486 4231 'l

205 4236 227 4284 7.
252 4231 374 4284 delectet
393 4233 429 4285 M
440 4234 449 4298 ll
464 4238 487 4284 9.
508 4232 631 4304 dedisse}
656 4232 808 4301 cepisses
834 4237 876 4302 (ex
896 4231 1036 4301 accepisse
1057 4233 1113 4298 Gl).
1142 4232 1256 4286 videare
1279 4235 1297 4286 t.
1323 4251 1349 4287 n.
1375 4234 1485 4303 cepisse

205 4303 312 4371 Kayser
334 4306 343 4371 ΙΙ
366 4301 574 4371 perscribserim
594 4305 630 4356 M
649 4306 658 4372 11
681 4311 705 4357 9.
727 4309 767 4358 10.
787 4321 822 4357 ne
840 4303 981 4373 refricem]
1001 4303 1179 4373 nefrofrigem
1199 4305 1246 4370 Μ,
1266 4321 1301 4357 ne
1320 4303 1485 4375 refrigerem

204 4374 257 4426 GR
277 4376 306 4441 (g
324 4392 357 4427 ex
376 4391 391 4426 c
410 4374 461 4441 12¹)
480 4376 490 4441 ΙΙ
511 4380 550 4427 11.
574 4373 662 4426 facias
682 4376 710 4429 R
728 4377 738 4443 ΙΙ
758 4382 797 4428 12.
818 4375 902 4428 duces
925 4376 1019 4427 tecum
1042 4391 1102 4429 esse
1122 4377 1148 4430 G
1166 4378 1176 4443 ΙΙ
1195 4381 1235 4429 15.
1261 4378 1290 4427 et
1312 4391 1363 4428 nos
1385 4376 1433 4443 M,
1453 4379 1486 4431 ut

202 4461 251 4496 nos
272 4445 326 4499 GR
349 4447 359 4512 ll
385 4451 423 4499 ld.
444 4461 608 4513 semperque
631 4446 783 4514 pendemus
802 4463 852 4500 our.
872 4447 899 4499 R
918 4448 927 4513 ll
945 4445 1085 4499 maximae
1108 4448 1161 4501 ulii
1178 4448 1188 4515 ΙΙ
1208 4452 1247 4500 16.
1270 4452 1310 4500 17,
1331 4445 1420 4499 animi
1440 4446 1483 4501 tui

202 4515 373 4567 conscicntia
397 4517 545 4582 Victorius,
569 4516 653 4568 amici
672 4517 713 4569 tui
733 4516 920 4570 conscientiae
940 4516 1068 4584 (scientie
1086 4518 1124 4586 It)
1144 4519 1170 4569 a
1190 4521 1199 4586 ΙΙ
1219 4521 1259 4571 17.
1284 4519 1313 4570 et
1331 4518 1408 4585 MR,
1434 4519 1485 4573 sed

203 4588 231 4637 et
251 4587 275 4639 G
290 4590 299 4654 Η
314 4592 355 4640 al.
371 4587 453 4639 deero
469 4588 504 4652 R,
524 4587 622 4641 desero
637 4591 661 4641 G
676 4591 684 4656 ΙΙ
699 4595 789 4642 2223.
807 4587 951 4641 scribsisse
966 4589 1007 4654 M,
1026 4595 1050 4641 et
1064 4591 1103 4642 sic
1116 4591 1225 4656 saepias
1239 4591 1248 4668 l
1262 4594 1303 4642 25.
1319 4587 1399 4642 fabio
1410 4591 1487 4645 (ΗΝ

203 4662 244 4709 27.
258 4656 371 4723 gravius
391 4656 497 4710 iamdiu
516 4657 581 4729 tuli]
602 4658 717 4727 grauius
736 4658 788 4711 tuli
807 4658 913 4711 iamdiu
934 4658 987 4712 tuli
1002 4661 1043 4726 M,
1062 4658 1177 4728 grauius
1197 4659 1249 4712 tuh
1268 4659 1326 4713 iam
1345 4658 1396 4713 diu
1413 4656 1487 4727 6er

204 4733 245 4778 ⁶38.
266 4744 433 4806 niagnopere
454 4730 507 4782 GR
534 4733 543 4798 ll
570 4736 612 4783 29.
631 4731 768 4798 praebeas
788 4731 833 4792 M,
860 4734 887 4781 to
911 4731 1047 4797 praebeas
1068 4731 1121 4785 Gli
1144 4733 1153 4799 ΙΙ
1176 4736 1218 4786 30.
1243 4747 1294 4785 uos
1317 4729 1380 4784 nati
1404 4732 1485 4803 licet,

204 4799 295 4851 notati
319 4799 354 4851 M
359 4841 365 4865 ,
389 4798 448 4851 nati
471 4799 524 4854 GR
538 4805 547 4868 ΙΙ
561 4818 655 4855 snmus
678 4801 731 4856 Gli
746 4804 755 4871 ll
769 4806 810 4855 32.
831 4799 957 4855 homines
976 4819 1026 4856 cnr.
1046 4801 1074 4856 R
