3314 5460
571 403 827 459 EPISTVLARVM
847 405 918 460 lllll.
938 412 998 460 28³.
1019 412 1060 461 29.
1390 406 1453 472 361

172 569 314 657 negotii,
346 573 505 656 quantum
532 592 681 636 recusare
713 593 779 635 non
806 571 924 656 potuit.
967 593 1040 636 cum
1070 571 1256 658 signaretur
1284 577 1499 659 argentonii

174 678 379 764 Apolloniae,
401 701 468 744 non
490 700 625 764 possum
644 677 749 743 dicere
770 699 843 742 eum
862 677 1041 762 praefuisse
1059 701 1164 763 neque
1183 702 1318 764 possum
1336 701 1456 767 negare

174 784 344 871 adfuisse,
361 786 418 851 sed
440 808 506 851 non
529 787 602 871 plus
626 786 753 852 duobus
777 808 817 850 an
843 786 948 851 tribus
972 786 1147 853 mensibus.
1190 786 1303 853 deinde
1332 787 1415 853 afuit
1438 811 1457 852 a

176 893 306 958 castris:
327 893 414 980 fugit
433 916 527 959 omne
545 894 723 981 negotium.
760 895 823 960 hoc
842 894 922 958 mihi
942 898 978 959 ut
997 894 1075 959 testi
1094 894 1192 960 velim
1207 895 1332 980 credas,
1351 918 1456 961 ineam

145 1000 263 1073 sonim
286 1001 343 1066 ille
368 1002 568 1067 maestitiam
592 1003 625 1066 in
649 1002 707 1068 illo
731 1003 818 1068 bello
843 1002 983 1086 videbat,
1005 1024 1133 1068 mecum
1153 1003 1262 1068 omnia
1280 1004 1456 1069 eommuni-

176 1110 282 1175 eabat.
324 1110 434 1195 itaque
454 1110 579 1175 abdidit
598 1133 631 1175 se
651 1109 685 1175 in
704 1109 855 1175 intimam
873 1109 1106 1196 Macedoniam,
1125 1132 1188 1195 quo
1208 1111 1318 1195 potuit
1335 1111 1457 1198 longis-

177 1217 259 1282 sime
283 1239 302 1281 a
325 1216 451 1304 eastris,
474 1240 540 1283 non
563 1218 660 1284 modo
684 1222 810 1284 utnon
833 1222 999 1303 praeesset
1022 1218 1081 1283 ulli
1104 1218 1254 1304 negotio,
1278 1219 1333 1284 sed
1357 1218 1457 1284 etiam

177 1329 214 1389 ut
236 1345 277 1389 ne
300 1324 475 1390 interesset
497 1326 635 1410 quidem.
677 1326 705 1390 is
729 1330 806 1411 post
829 1326 989 1410 proelium
1011 1347 1044 1391 se
1065 1326 1105 1391 ad
1123 1325 1291 1392 homiuem
1312 1348 1457 1392 necessa·

177 1432 278 1518 rium,
308 1431 348 1497 A
372 1432 551 1519 Plautium,
583 1432 617 1498 in
645 1432 837 1519 Bithyniam
868 1433 1023 1498 contulit:
1055 1433 1103 1498 ibi
1135 1457 1209 1499 eum
1237 1431 1356 1500 Caesar
1386 1457 1459 1500 oum

141 1537 323 1624 invidisset,
345 1539 429 1604 nihil
452 1562 580 1626 aspere,
601 1541 685 1606 nihil
709 1541 823 1606 acerbe
847 1540 938 1625 dixit,
963 1540 1102 1606 Romam
1126 1541 1223 1606 iussit
1247 1541 1364 1608 venire.
1404 1542 1460 1607 ille

177 1648 210 1712 in
229 1648 379 1713 morbum
403 1648 558 1714 continuo
585 1649 708 1732 incidit,
731 1672 770 1714 ex
791 1671 853 1734 quo
872 1670 939 1713 non
962 1649 1143 1714 convaluit:
1167 1671 1263 1735 aeger
1283 1648 1459 1735 Corcyram

178 1755 281 1841 renit3
303 1754 350 1820 ibi
374 1760 425 1822 est
445 1761 602 1822 mortuus.
645 1760 855 1841 testamento,
879 1756 964 1841 quod
984 1756 1108 1821 Romae
1127 1757 1229 1823 Paulo
1250 1762 1283 1822 et
1302 1757 1458 1823 Marcello

178 1863 364 1928 consulibus
388 1864 526 1950 fecerat,
549 1865 641 1929 heres
666 1869 821 1949 exparte
846 1865 979 1928 dimidia
1007 1869 1040 1928 et
1064 1864 1162 1928 tertia
1190 1868 1241 1928 est
1265 1863 1398 1948 Capit03
1427 1865 1461 1928 in

181 1975 326 2036 sextante
351 1975 428 2036 sunt
451 1972 490 2054 ei,
514 1995 652 2057 quorum
676 1995 752 2055 pars
776 1973 845 2037 sine
869 1971 936 2036 ulla
959 1970 1151 2056 cuiusquam
1176 1971 1306 2055 querela
1330 1970 1462 2054 publica

154 2110 172 2147 a
182 2083 289 2162 potest
313 2101 384 2143 esse
406 2115 452 2124 -
474 2101 512 2144 ea
540 2084 590 2144 est
617 2080 657 2144 ad
681 2079 738 2145 HS
758 2061 839 2164 lissa,
862 2105 920 2164 —3
948 2078 1004 2143 sed
1033 2079 1071 2142 de
1099 2076 1162 2142 hoe
1186 2075 1306 2143 Caesar
1333 2078 1460 2143 viderit.

182 2190 224 2270 te,
255 2184 301 2250 mi
324 2183 458 2269 Plance,
489 2209 549 2271 pro
573 2191 709 2272 paterna
731 2185 981 2272 necessitudine,
1010 2209 1070 2271 pro
1100 2189 1214 2250 nostro
1244 2207 1369 2271 amore,
1400 2203 1496 2271 proo

184 2293 293 2358 studiis
319 2298 352 2359 et
375 2293 464 2359 omni
487 2317 585 2360 cursu
608 2298 723 2359 nostro
748 2295 851 2359 totius
874 2294 960 2360 ritae
980 2293 1149 2358 simillimo
1170 2314 1251 2378 rogo
1271 2297 1304 2358 et
1323 2317 1342 2358 a
1361 2298 1393 2358 te
1413 2295 1461 2359 ita

184 2408 268 2486 peto,
296 2405 334 2466 ut
356 2400 478 2466 maiore
503 2424 594 2486 cura,
621 2403 743 2467 maiore
768 2402 876 2467 studio
905 2401 1028 2467 nullam
1056 2400 1195 2485 possim,
1225 2404 1262 2464 ut
1284 2400 1368 2467 hanc
1391 2424 1461 2466 rem

185 2508 352 2594 suscipias,
385 2530 489 2573 meam
519 2514 614 2594 putes
647 2531 731 2592 esse,
764 2509 901 2593 enitare,
935 2508 1120 2588 contendaS,
1153 2507 1290 2591 efficias,
1323 2513 1361 2573 ut
1389 2531 1462 2574 mea

156 2615 468 2699 recommendatione,
492 2619 549 2680 tuo
568 2615 686 2700 studio,
705 2613 854 2680 Caesaris
873 2615 1030 2680 beneficio
1050 2613 1267 2680 hereditatem
1286 2613 1461 2699 propinqui

186 2723 228 2787 sui
252 2719 287 2787 C.
307 2720 423 2806 Capito
443 2723 598 2807 optineat.
641 2722 759 2806 omnia,
782 2744 864 2807 quae
883 2723 976 2807 potui
996 2724 1030 2787 in
1049 2724 1110 2788 hac
1130 2744 1258 2787 summa
1277 2725 1334 2786 tua
1354 2722 1462 2808 gratia

186 2851 217 2895 ac
238 2830 389 2915 potentia
412 2853 431 2894 a
454 2833 487 2894 te
511 2831 699 2915 impetrare,
727 2831 754 2895 si
778 2830 948 2914 petissem,
978 2831 1065 2895 ultro
1097 2834 1129 2894 te
1158 2830 1198 2894 ad
1227 2851 1278 2894 me
1306 2829 1461 2895 detulisse

186 2938 315 3021 putabo,
346 2936 374 3000 si
397 2938 480 3003 hane
503 2960 572 3003 rem
595 2939 821 3023 impetravero.
862 2937 943 3002 illud
966 2937 1036 3003 fore
1060 2937 1121 3002 tibi
1146 2937 1332 3002 adiumento
1357 2959 1462 3022 spero,
1481 2954 1497 3002 6

186 3045 271 3109 euius
290 3045 360 3129 ipse
375 3043 494 3110 Caesar
512 3045 656 3129 optimus
672 3067 742 3110 esse
761 3045 856 3109 iudex
870 3049 993 3129 potest:
1013 3067 1141 3129 semper
1156 3042 1328 3109 Caesarem
1344 3041 1461 3128 Capito

157 3176 175 3214 a
186 3151 283 3216 coluit
307 3154 340 3215 et
364 3151 486 3216 dilexit.
527 3153 582 3216 sed
602 3153 671 3236 ipse
690 3151 787 3216 huius
806 3152 853 3215 rei
875 3152 970 3216 testis
990 3156 1054 3237 est3
1076 3152 1154 3218 novi
1176 3152 1319 3217 hominis
1344 3174 1463 3216 memo·

184 3258 270 3323 iiam.
313 3259 425 3342 itaque
448 3257 530 3322 nihil
555 3263 587 3324 te
607 3259 720 3323 doceo:
745 3261 874 3322 tantum
893 3258 955 3322 tibi
975 3260 1096 3325 sumito
1116 3282 1175 3344 pro
1196 3257 1355 3344 Capitone
1377 3259 1461 3344 apud

183 3364 361 3450 Caesarem,
385 3371 542 3450 quantum
565 3367 673 3450 ipsum
693 3363 878 3430 meminisse
899 3364 1028 3430 senties.
1066 3387 1136 3452 ego,
1161 3367 1247 3450 quod
1266 3367 1300 3430 in
1319 3366 1461 3450 meipso
1482 3382 1497 3431 *1

182 3473 320 3559 experiri
338 3473 442 3559 potui,
460 3474 500 3538 ad
514 3477 547 3538 te
562 3474 718 3556 deferam,
739 3473 773 3537 in
792 3495 829 3538 eo
850 3478 1008 3557 quantum
1027 3474 1071 3537 sit
1089 3473 1251 3557 ponderis,
1271 3476 1307 3536 tu
1323 3472 1461 3536 videbis:

182 3604 279 3666 quam
306 3584 436 3666 partem
464 3581 498 3644 in
526 3604 559 3645 re
588 3605 617 3666 p.
647 3602 842 3664 causamque
871 3579 1081 3663 defenderim,
1114 3601 1172 3665 per
1200 3601 1295 3664 quos·
1314 3578 1461 3643 homines

146 3688 374 3772 aordiuesque
407 3687 555 3752 steterim
586 3689 766 3774 quibusque
796 3687 941 3751 munitus
969 3685 1100 3770 fuerim,
1127 3709 1193 3750 non
1220 3685 1368 3771 ignoras3
1399 3687 1462 3751 hoc

180 3794 260 3860 mihi
288 3794 388 3860 velim
415 3796 541 3881 credas,
572 3795 612 3860 si·
630 3795 707 3879 quid
740 3794 871 3860 fecerim
904 3793 966 3858 hoc
994 3792 1066 3877 ipso
1095 3793 1129 3856 iii
1161 3792 1248 3857 bello
1282 3793 1390 3857 minus
1423 3815 1462 3858 ex

180 3902 330 3968 Caesaris
353 3903 523 3968 voluntate
546 3940 590 3950 -
614 3902 701 3986 quod
723 3900 939 3966 intellexerim
972 3900 1054 3965 scire
1082 3899 1190 3985 ipsum
1215 3899 1387 3966 Caesarem
1411 3923 1462 3966 me

181 4019 394 4027 ——0—

271 4086 295 4133 2.
315 4094 359 4148 ap.
379 4095 493 4148 possum
512 4079 605 4134 dicere
625 4094 688 4133 eum
707 4095 763 4132 non
781 4077 868 4147 praef.
884 4078 923 4146 H,
943 4093 988 4147 ap.
1007 4094 1064 4131 non
1081 4094 1196 4148 possum
1215 4076 1308 4131 dicere
1327 4093 1392 4130 euin
1406 4094 1462 4130 nou

179 4151 268 4220 praef.
289 4150 319 4204 D
332 4154 341 4217 n
355 4155 379 4205 3.
400 4167 436 4204 an
451 4151 489 4204 M
504 4153 550 4218 (cf.
565 4152 608 4205 W.
627 4153 656 4205 Ο.
673 4151 791 4206 Gutsclie
811 4150 855 4203 ‘de
869 4151 997 4220 interrog.
1013 4151 1064 4204 obl.
1080 4168 1124 4220 ap.
1142 4148 1207 4204 otc?
1229 4150 1293 4203 dias.
1310 4148 1377 4203 Hal.
1394 4153 1462 4202 1885

175 4243 205 4293 p.
223 4228 277 4290 94,
298 4225 349 4275 aut
367 4222 428 4275 HD
441 4225 450 4291 ΙΙ
465 4221 547 4275 affuit
565 4223 626 4275 HD
639 4224 648 4291 ll
662 4227 686 4275 3.
706 4227 730 4276 4,
752 4238 769 4274 a
788 4219 887 4274 eastris
907 4221 944 4287 D,
964 4221 1085 4290 agastris
1100 4222 1142 4287 Μ,
1162 4219 1262 4274 castris
1278 4220 1311 4272 H
1322 4223 1332 4289 ΙΙ
1346 4226 1369 4274 5.
1388 4219 1462 4273 enini

179 4312 230 4349 om.
296 4296 306 4362 ΙΙ
319 4291 368 4346 ille
386 4311 436 4348 oni.
456 4293 486 4346 D
499 4295 509 4362 ΙΙ
523 4299 547 4349 6.
567 4311 622 4362 quo
640 4292 735 4363 potuit
753 4310 786 4347 ex
804 4291 899 4360 potuit
917 4309 972 4360 quo
991 4293 1029 4346 M
1031 4294 1038 4326 ¹
1057 4294 1098 4348 ael
1116 4293 1154 4346 Μ
1155 4299 1167 4327 ⁰
1180 4295 1189 4362 ΙΙ
1205 4299 1227 4347 7.
1248 4290 1379 4345 acastris
1393 4291 1462 4356 HD,

180 4363 305 4435 agastris
326 4364 362 4417 Μ
380 4366 390 4432 ΙΙ
412 4369 437 4419 8.
457 4363 598 4419 hominem
618 4366 691 4434 HD,
711 4363 852 4417 hominem
872 4379 901 4417 se
920 4363 958 4416 M
976 4366 985 4433 11
1010 4369 1050 4418 12.
1071 4363 1170 4417 Paullo
1190 4380 1218 4429 ς,
1243 4365 1307 4417 berte
1329 4365 1338 4430 ΙΙ
1362 4368 1403 4415 14.
1423 4361 1462 4431 ei}

180 4453 201 4507 ii
221 4453 263 4519 H,
282 4452 313 4506 lii
332 4453 393 4508 HD
407 4456 416 4522 ΙΙ
430 4459 472 4508 15.
493 4457 537 4508 est
555 4454 592 4508 ad
610 4455 682 4520 MD,
702 4455 745 4508 est
763 4451 838 4506 enim
857 4453 891 4505 H
902 4455 910 4522 Η
925 4435 996 4524 lffil
1014 4455 1113 4522 scripsi
1131 4454 1176 4522 (cs.
1197 4451 1308 4506 dinoot.
1328 4453 1365 4505 ad
1382 4452 1407 4504 li.
1424 4453 1462 4519 1.),

179 4544 235 4578 xix
256 4528 307 4594 ΨΙ]
323 4528 364 4580 18.
383 4524 503 4597 nullam]
523 4542 579 4579 non
598 4527 760 4592 Lambinus,
780 4524 859 4578 nulla
877 4523 907 4577 in
927 4523 998 4596 <rc>
1019 4524 1130 4579 bturter
1148 4524 1254 4594 (‘symb.
1274 4523 1345 4578 erit’
1364 4540 1393 4591 p.
1409 4524 1462 4592 28),

179 4595 289 4650 nullam
310 4595 390 4668 <rem
403 4597 520 4671 petere>
540 4599 591 4679 (ecl
609 4594 956 4720 nullamU<petereren11p
975 4603 1024 4651 out
1042 4594 1150 4676 nullam
1164 4594 1265 4678 <remp
1285 4594 1445 4664 ll'eseuberp

179 4674 223 4722 21.
242 4671 293 4721 tua
307 4668 402 4723 ouaH
413 4671 422 4737 {l
436 4674 477 4723 22.
497 4670 643 4740 petissem]
658 4671 813 4738 potuissem
827 4671 894 4737 (sse
941 4669 1003 4734 )Ψ.
1031 4669 1195 4736 petivissem
1210 4667 1270 4720 ulii.
1295 4667 1330 4733 cs.
1348 4666 1464 4736 Georyea

179 4740 393 4823 ‘Wortsorman'
418 4757 482 4823 ⁸·.²’‘
520 4739 672 4822 voluissem
698 4740 821 4821 Kdmll
849 4744 891 4793 27.
915 4738 979 4821 ¹ipse
1003 4738 1033 4791 D
1059 4741 1068 4807 ΙΙ
1096 4743 1137 4792 30.
1167 4736 1304 4836 munitus]
1332 4735 1463 4822 inimicus

179 4811 340 4879 ,Hanunea
357 4813 466 4867 iniuria
485 4814 496 4881 ΙΙ
516 4817 557 4867 32.
577 4812 775 4882 intellexerim]
796 4810 923 4864 inbellem
941 4827 1003 4866 orm
1021 4827 1050 4879 ς,
1070 4817 1127 4864 tum
1146 4809 1263 4881 Madaro
1282 4810 1367 4880 (adv.
1386 4811 1461 4866 crit’

179 4882 206 4935 11
222 4901 252 4952 p.
269 4884 332 4951 234)
351 4890 376 4938 et
395 4884 466 4938 Boot
485 4884 561 4952 l‘obs
581 4886 653 4940 crit’
674 4902 701 4955 p.
717 4885 770 4954 25),
789 4889 857 4938 recte
872 4889 942 4952 puto
