3286 5460
196 367 261 429 242
648 367 685 421 Μ.
704 367 810 420 TVLLI
828 367 1019 423 CICERONIS

195 529 241 592 ibi
266 530 462 594 sententiam
485 530 523 593 de
547 551 580 593 re
599 553 629 613 p.
648 530 762 613 dicere,
786 530 842 594 ubi
867 552 918 594 me
941 534 975 594 et
998 529 1115 595 melius
1134 534 1169 594 et
1186 530 1324 615 propius
1344 531 1477 596 audiant

161 654 176 697 a
196 636 314 699 armati
333 658 430 720 quam
449 639 624 700 senatores.
664 641 864 720 quapropter
886 637 921 701 in
943 636 1081 720 privatis
1106 638 1202 701 rebus
1226 637 1356 701 nullum
1374 659 1476 722 neque

196 742 339 807 officium
368 765 472 826 neque
501 743 645 806 studium
669 765 776 807 meum
804 743 1017 827 desiderabis,
1044 765 1085 808 ne
1108 744 1144 808 in
1166 744 1308 828 publicis
1338 744 1475 828 quidem,

196 850 223 913 si
248 850 325 933 quid
348 850 420 932 erit,
443 849 563 934 inquo
587 871 638 914 me
663 849 820 914 interesse
841 872 972 914 necesse
992 850 1045 932 sit,
1068 872 1214 935 unquam
1233 850 1321 933 dero,
1344 873 1386 916 ne
1405 873 1475 916 cum

194 955 338 1038 periculo
373 956 504 1039 quidem
537 978 623 1038 meo,
655 954 811 1040 dignitati
842 955 932 1041 tuae3
964 957 999 1020 in
1029 957 1076 1021 eis
1106 960 1218 1021 autem
1250 957 1363 1040 rebus,
1397 976 1520 1041 quaes

196 1061 297 1126 nihilo
329 1063 451 1145 minus,
483 1068 520 1127 ut
552 1083 613 1147 ego
647 1063 766 1147 apsim,
798 1062 914 1127 confici
944 1066 1114 1149 poterunt,
1145 1067 1223 1147 peto
1252 1086 1272 1128 a
1298 1068 1333 1128 te
1361 1069 1400 1128 nt
1427 1087 1477 1128 me

195 1167 355 1232 rationem
379 1169 498 1233 habere
523 1169 603 1233 velis
627 1175 660 1232 et
683 1169 798 1232 salutis
823 1172 856 1232 et
879 1169 1052 1254 dignitatis
1077 1192 1176 1235 meae.

733 1453 792 1518 111.
830 1452 934 1540 (aso.)

627 1611 787 1680 cronno
810 1610 986 1679 carneo
1011 1610 1043 1679 s,

163 1791 175 1835 1
286 1772 369 1838 (lum
392 1774 499 1857 ipsum
523 1773 681 1839 Furnium
704 1798 762 1859 per
785 1797 819 1840 se
843 1775 909 1840 vidi
936 1773 1170 1858 libentissime,
1196 1778 1267 1838 tum
1290 1773 1354 1839 hoc
1376 1775 1477 1840 liben-

198 1880 276 1961 tius,
305 1882 391 1964 quod
419 1881 513 1944 illum
541 1882 675 1947 audiens
700 1888 732 1947 te
756 1882 890 1947 videbar
917 1882 1043 1965 audire:
1069 1903 1146 1945 nam
1169 1885 1204 1945 et
1226 1880 1261 1944 in
1283 1903 1319 1946 re
1343 1880 1478 1946 militari

196 1988 352 2052 virtutem
376 1993 409 2053 et
433 1988 467 2052 in
490 1988 746 2054 administranda
763 1989 932 2073 provincia
949 1988 1111 2053 iustitiam
1135 1992 1169 2053 et
1191 1988 1226 2052 in
1250 1988 1341 2053 omni
1360 2010 1478 2075 genere

196 2095 401 2176 prudentiam
426 2095 506 2160 mihi
531 2100 621 2160 tuam
649 2096 800 2179 exposuit
823 2100 857 2159 et
879 2099 1049 2179 praeterea
1076 2094 1158 2158 mihi
1180 2115 1247 2160 non
1269 2095 1422 2182 ignaram
1445 2096 1478 2162 in

198 2202 430 2266 consuetudine
459 2207 492 2267 et
519 2203 744 2267 familiaritate
772 2203 969 2267 suavitatem
996 2210 1101 2286 tuam,
1131 2201 1280 2266 adiunxit
1306 2207 1479 2287 praeterea

197 2331 358 2373 summam
390 2332 469 2395 erga
501 2333 535 2374 se
568 2309 817 2374 liberalitatem:
854 2331 936 2392 quae
970 2309 1080 2373 omnia
1112 2307 1193 2373 mihi
1226 2308 1384 2394 iucunda,
1416 2311 1478 2375 hoc

161 2422 378 2480 aextremum
410 2416 509 2482 etiam
540 2421 672 2502 gratum
701 2416 773 2480 fuit.
824 2437 900 2502 ego,
932 2415 1068 2500 Plance,
1099 2416 1374 2481 necessitudinem
1405 2437 1478 2481 con·

197 2524 348 2588 stitutam
375 2524 475 2588 habui
504 2546 577 2588 curn
607 2524 704 2587 domo
734 2527 842 2587 vestra
869 2528 944 2586 ante
973 2521 1156 2608 aliquanto,
1188 2545 1286 2606 quam
1313 2528 1352 2588 tu
1379 2528 1477 2588 natus

197 2653 240 2713 es,
263 2652 408 2695 amorem
432 2634 541 2694 autem
566 2651 644 2716 erga
666 2634 698 2693 te
722 2630 763 2693 ab
787 2630 919 2693 ineunte
942 2629 1083 2713 pueritia
1105 2634 1171 2715 tua,
1195 2631 1389 2695 confirmata
1412 2631 1478 2695 iam

197 2741 305 2800 aetate
329 2735 590 2801 familiaritatem
610 2759 682 2800 cum
702 2735 809 2801 studio
831 2758 915 2820 meo,
937 2739 1007 2799 tum
1031 2736 1151 2801 iudicio
1170 2741 1228 2802 tuo
1247 2737 1478 2801 constitutam:

197 2843 248 2907 his
277 2844 315 2907 de
344 2845 450 2909 causis
482 2845 676 2909 mirabiliter
703 2843 796 2908 faveo
829 2843 983 2928 dignitati
1012 2848 1101 2928 tuae,
1133 2865 1230 2928 quarn
1258 2843 1341 2908 mihi
1368 2849 1478 2910 tecum
1498 2852 1545 2899 2⁰

197 2954 306 3013 statuo
344 2951 496 3034 †habere
534 2973 604 3015 csse
641 2972 854 3014 communem.
909 2949 1019 3014 omnia
1051 2972 1180 3014 summa
1215 2955 1412 3014 consecutus
1444 2973 1479 3016 es

197 3056 318 3119 virtute
346 3057 439 3140 duce,
467 3057 588 3122 comite
617 3056 762 3140 fortuna,
790 3078 890 3139 eaque
919 3076 953 3119 es
981 3055 1117 3139 adeptus
1145 3055 1334 3120 adulescens
1363 3057 1479 3122 multis

198 3162 431 3248 invidentibus,
463 3186 542 3247 quos
571 3163 703 3248 ingenio
731 3162 956 3246 industriaque
984 3160 1127 3245 fregisti:
1159 3184 1259 3246 nunc,
1286 3183 1341 3225 me
1369 3185 1480 3228 aman·

197 3269 360 3333 tissimum
386 3271 444 3354 tui,
466 3269 587 3334 nemini
611 3270 851 3354 concedentem,
874 3269 931 3353 qni
954 3267 1017 3332 tibi
1040 3273 1203 3333 vetustate
1226 3269 1480 3336 necessitudinis

196 3375 306 3458 potior
328 3377 433 3459 possit
457 3398 541 3461 esse,
565 3377 591 3440 si
617 3376 742 3460 audies,
765 3397 893 3440 omnem
917 3375 979 3439 tibi
1003 3375 1147 3458 reliquae
1170 3375 1257 3441 vitae
1281 3376 1481 3461 dignitatem
1496 3379 1545 3433 5⁵

162 3499 235 3545 aex
264 3482 388 3566 optimo
419 3483 465 3545 rei
493 3506 522 3566 p.
551 3487 641 3546 statu
673 3482 831 3566 adquires.
878 3482 941 3546 scis
971 3481 1120 3567 profecto
1146 3518 1184 3529 -—
1209 3481 1291 3546 nihil
1325 3482 1415 3549 enim
1448 3488 1482 3549 te

196 3588 308 3673 fugere
326 3590 436 3672 potuit
457 3628 493 3636 —
515 3589 616 3653 fuisse
641 3589 802 3673 quoddam
825 3593 963 3673 tempuS,
986 3610 1060 3653 eum
1082 3588 1231 3654 homines
1250 3589 1481 3656 existimarent

198 3700 229 3758 te
252 3695 351 3758 nimis
376 3697 496 3760 servire
519 3696 737 3780 temporibus,
767 3696 853 3779 qnod
881 3717 943 3780 ego
971 3716 1100 3778 quoqne
1129 3695 1365 3781 existimarem,
1394 3695 1480 3761 tesi

197 3824 244 3886 ea,
267 3824 348 3886 quae
368 3803 545 3887 patiebare,
569 3805 707 3888 probare
727 3803 828 3867 etiam
848 3803 1040 3885 arbitrarer3
1063 3801 1128 3885 sed,
1151 3823 1225 3866 cum
1243 3802 1482 3889 intellegerem,

198 3908 274 3991 quid
304 3910 456 3993 sentires,
488 3911 664 3994 prudenter
691 3914 724 3973 te
752 3909 936 3973 arbitrabar
963 3909 1086 3991 videre,
1118 3908 1196 3991 quid
1223 3930 1347 3993 posses.
1392 3933 1481 3975 nunc
1494 3914 1545 3966 ³*

198 4015 262 4078 alia
285 4016 416 4079 ratiost:
441 4017 586 4080 omnium
607 4040 713 4081 rerum
733 4021 826 4081 tuum
845 4016 1035 4080 iudiciumst
1057 4014 1154 4097 idque
1178 4015 1325 4079 liberum.
1365 4018 1479 4082 consul

286 4250 310 4296 2.
331 4251 354 4297 3.
375 4260 465 4311 neque
485 4242 529 4296 off.
549 4244 610 4311 Da,
635 4261 724 4310 aeque
743 4243 787 4297 off.
808 4243 886 4308 ΜΗ,
912 4258 982 4309 eque
1002 4242 1046 4297 off.
1067 4242 1109 4296 D¹
1135 4245 1145 4312 ll
1172 4249 1196 4297 4.
1216 4257 1330 4296 necesse
1350 4243 1390 4296 sit
1408 4244 1480 4309 HD,

197 4314 318 4366 necessit
336 4316 373 4367 M
396 4316 405 4382 ll
434 4314 516 4367 deero
537 4315 597 4367 HD
623 4317 633 4383 ΙΙ
660 4321 684 4370 o.
704 4315 758 4383 eis]
783 4314 818 4367 iis
837 4316 883 4379 M,
907 4313 951 4365 his
971 4313 1032 4366 HD
1059 4315 1068 4381 ll
1096 4319 1120 4368 6.
1139 4315 1273 4383 poterunt
1291 4313 1335 4379 H,
1359 4317 1481 4383 possunt

197 4387 340 4453 poterunt,
360 4388 444 4439 deleto
463 4388 581 4453 possunt
599 4405 617 4439 a
630 4405 662 4439 m.
680 4393 709 4452 1,
732 4387 774 4453 D,
797 4387 902 4454 potest*
923 4386 964 4453 (ire
983 4387 1036 4449 riae
1050 4387 1099 4453 oa.)
1118 4386 1156 4437 M
1172 4387 1181 4453 ΙΙ
1204 4402 1222 4438 a
1240 4387 1268 4438 te
1287 4386 1354 4465 peto
1374 4388 1407 4438 ut
1427 4386 1461 4439 H
1470 4387 1480 4456 {l

200 4464 239 4508 13.
259 4459 405 4525 praeterea
428 4459 590 4525 qrcibusdorn
612 4464 764 4526 suspectum
791 4459 800 4525 ll
828 4456 957 4525 ignaram
976 4455 1050 4522 HD,
1073 4454 1202 4524 ignatam
1221 4457 1266 4522 M,
1341 4459 1421 4510 atam
1440 4467 1480 4524 sl

199 4533 240 4580 ll.
260 4527 461 4581 consuetudine
481 4545 514 4582 cc
533 4544 608 4581 -nem
626 4529 748 4583 radendo
767 4529 801 4580 M
814 4531 822 4595 ll
838 4533 879 4581 15.
900 4543 1009 4580 summa
1028 4527 1063 4579 M
1075 4529 1084 4594 ΙΙ
1099 4532 1141 4581 17.
1161 4531 1192 4580 tu
1211 4546 1260 4581 om.
1282 4473 1341 4595 fill
1351 4532 1392 4581 1a.
1413 4544 1479 4581 con·

198 4597 328 4650 stitutam
351 4617 400 4652 om.
422 4616 450 4667 ς,
479 4617 512 4653 ec
537 4598 728 4654 consociatam
751 4602 801 4668 (ccl
820 4601 889 4665 sint.)
915 4605 1004 4651 ortam
1024 4601 1135 4665 putarit
1157 4599 1241 4652 Orelli
1274 4601 1278 4666 Ι
1305 4603 1349 4652 21.
1373 4597 1479 4652 habere

197 4686 257 4721 esse
286 4670 334 4735 M,
362 4670 466 4722 habere
494 4674 523 4723 et
550 4687 609 4724 esse
640 4671 707 4724 HD.
746 4669 849 4723 habere
876 4688 906 4732 ς,
936 4668 1037 4722 debere
1066 4686 1125 4722 esse
1150 4670 1304 4723 Victorius:
1331 4675 1479 4740 atramque

198 4742 295 4793 burnan
323 4744 331 4808 ll
359 4747 400 4795 ⁸26.
426 4741 542 4809 adquirc
567 4742 627 4794 HD
654 4745 663 4810 ΙΙ
690 4748 732 4796 30.
756 4741 907 4810 prudenter
931 4743 959 4793 te
982 4741 1026 4805 D,
1054 4740 1221 4809 prudentem
1243 4741 1271 4792 te
1295 4739 1341 4805 H,
1368 4742 1397 4793 te
1421 4740 1461 4794 Μ
1470 4746 1479 4809 {l

198 4816 239 4863 31.
260 4812 361 4864 ratiost
382 4813 413 4864 M
420 4814 434 4878 ¹,
454 4813 528 4865 ratio
548 4817 591 4865 cst
610 4814 727 4866 ruam)
741 4816 750 4882 ΙΙ
765 4812 928 4865 iudiciumst
947 4812 981 4863 M
987 4812 1001 4879 ¹,
1021 4810 1157 4865 iudicium
1176 4814 1220 4864 est
1239 4809 1357 4864 M⁰HD
