3286 5460
199 361 243 432 84
651 356 688 422 lt.
708 360 815 421 TVLLI
834 358 1022 421 CICERONIS

199 537 256 596 tuo
280 528 390 597 dolore
414 535 568 612 maerent,
592 527 633 596 da
655 531 790 617 patriae,
814 535 860 616 ut,
883 528 912 595 si
936 551 1001 614 qua
1022 529 1057 595 in
1080 552 1116 596 re
1139 552 1221 616 opus
1244 531 1298 616 sit,
1322 550 1422 616 opera
1443 532 1474 597 et

199 639 335 703 consilio
360 644 417 703 tuo
441 639 489 703 uti
512 639 626 723 possit.
664 639 811 723 denique,
834 637 987 722 quoniam
1010 637 1046 702 in
1068 660 1139 703 eam
1159 637 1327 703 fortunam
1350 638 1474 703 deveni-

199 769 283 830 mus,
311 751 349 810 ut
371 747 471 811 etium
493 744 570 810 huic
593 746 641 810 rei
663 745 758 810 nobis
787 746 991 810 serviendum
1014 746 1072 830 sit,
1099 744 1168 810 noli
1191 745 1412 828 committere,
1439 749 1473 810 ut

199 854 370 937 quisquam
398 859 430 918 te
458 857 553 937 putet
578 874 645 917 non
672 856 740 916 tam
767 851 869 916 filiam
898 872 996 936 quam
1023 852 1070 917 rei
1098 850 1247 937 publicae
1270 855 1421 937 tempora
1442 856 1473 917 et

198 960 337 1025 eliomm
356 960 528 1025 victoriam
546 961 667 1045 lugere.
703 959 799 1043 plura
818 981 868 1023 me
888 959 929 1023 ad
952 963 984 1024 te
1008 959 1047 1024 de
1070 958 1132 1024 hac
1151 981 1186 1024 re
1205 958 1347 1024 scribere
1366 960 1472 1045 pudet,
1494 981 1504 1019 s

197 1089 237 1131 ue
260 1067 370 1132 videar
389 1065 579 1150 prudentiae
599 1069 674 1129 tuae
693 1065 854 1151 diffidere,
876 1087 985 1150 quare,
1008 1066 1036 1130 si
1059 1066 1123 1132 hoe
1145 1089 1246 1132 unum
1264 1087 1472 1151 proposuero,

196 1174 294 1238 finem
318 1173 436 1238 faciam
460 1172 634 1238 scribendi:
666 1172 803 1235 vidimus
832 1171 1028 1255 aliquotiens
1057 1175 1231 1239 secundam
1257 1171 1470 1258 pulcherrime

197 1285 230 1344 te
258 1280 342 1344 ferre
370 1279 537 1344 fortunam
564 1299 780 1363 magnamque
804 1301 843 1342 ex
866 1300 905 1343 ea
926 1301 961 1344 re
985 1283 1018 1344 te
1041 1280 1169 1346 laudem
1198 1280 1314 1365 apisci,
1343 1280 1397 1346 fac
1420 1282 1471 1346 ali-

198 1387 326 1470 quando
354 1386 582 1471 intellegamus
606 1385 773 1450 adversam
803 1407 932 1469 quoque
955 1389 988 1450 te
1012 1409 1112 1472 aeque
1141 1388 1224 1453 ferre
1251 1408 1349 1473 posse
1373 1409 1469 1471 neque

197 1495 229 1558 id
254 1493 368 1576 maius,
392 1515 488 1576 quam
511 1493 641 1577 debeat,
664 1492 726 1557 tibi
750 1513 832 1556 onus
856 1492 970 1577 videri,
993 1516 1033 1558 ne
1058 1516 1097 1558 ex
1121 1494 1271 1560 omuibus
1296 1494 1500 1559 virtutibusw

197 1601 277 1664 haee
304 1622 370 1664 uua
397 1599 459 1665 tibi
487 1600 635 1663 videatur
657 1600 758 1664 desse.
798 1599 886 1682 quod
913 1600 953 1664 ad
983 1622 1034 1666 me
1062 1602 1196 1686 attinet,
1225 1624 1299 1668 cum
1327 1605 1361 1665 te
1391 1605 1469 1665 tran·

198 1706 384 1790 quilliorem
412 1707 520 1771 animo
549 1728 619 1771 esse
647 1726 789 1790 cognoro
796 1757 803 1789 ,
834 1707 872 1771 de
901 1704 947 1770 eis
975 1707 1086 1792 rebus,
1117 1729 1198 1791 quae
1225 1707 1280 1774 hic
1307 1712 1468 1794 geruntur,

198 1813 532 1897 quemadmodumque
556 1835 590 1878 se
613 1813 781 1897 provincia
804 1813 937 1895 habeat,
961 1813 1133 1878 certiorem
1156 1814 1283 1879 faciam.
1321 1814 1401 1879 vale.

739 2061 794 2126 vr.
829 2060 933 2149 (291.)

487 2204 529 2269 u.
554 2203 710 2269 oroneo
735 2203 765 2270 s:
791 2204 829 2269 o.
855 2203 947 2270 sna.
972 2202 1182 2270 svurrcro.
1480 2218 1529 2263 ιε

162 2373 173 2418 1
284 2348 358 2434 Ego
386 2370 476 2432 vero,
506 2345 611 2429 Servi,
640 2348 769 2432 vellem,
796 2353 834 2412 ut
861 2348 991 2432 scribis,
1021 2348 1054 2411 in
1081 2370 1153 2412 meo
1177 2347 1373 2432 gravissimo
1396 2367 1469 2413 casu

196 2456 368 2538 adfuissem
401 2459 559 2538 quantum
592 2454 678 2517 enim
710 2475 863 2536 praesens
891 2475 943 2517 me
971 2453 1123 2518 adiuvare
1155 2454 1303 2538 potueris
1335 2457 1369 2518 et
1401 2475 1469 2519 eon·

196 2561 330 2627 solando
354 2565 388 2625 et
410 2582 511 2645 prope
535 2582 636 2644 aeque
656 2559 803 2643 dolendo,
826 2558 921 2624 facile
941 2582 980 2623 ex
999 2582 1036 2624 eo
1056 2561 1222 2647 intellego,
1246 2560 1333 2646 quod
1351 2561 1469 2626 litteris

195 2669 289 2734 lectis
314 2669 518 2751 aliquantum
541 2665 700 2750 adquievi,
723 2688 799 2730 nam
819 2670 852 2730 et
870 2688 908 2730 ea
927 2667 1097 2752 scripsisti,
1121 2689 1203 2751 quae
1222 2668 1329 2733 levare
1348 2667 1470 2734 luctum

194 2783 340 2859 possent,
369 2779 402 2838 et
423 2774 456 2838 in
482 2795 532 2837 me
560 2774 756 2839 consolando
782 2769 851 2837 'non
877 2773 1072 2839 mediocrem
1099 2775 1170 2859 ipse
1197 2774 1298 2839 animi
1325 2775 1543 2841 doloremne:

195 2881 386 2945 adhibuisti:
416 2877 546 2944 Servius
571 2885 680 2945 tamen
708 2884 783 2944 tuus
813 2880 963 2945 omnibus
987 2880 1117 2964 officiis,
1146 2904 1227 2965 quae
1255 2881 1304 2946 illi
1332 2882 1470 2968 tempori

195 2987 295 3050 tribui
329 2990 522 3071 potuerunt,
554 2986 731 3051 declaravit
758 2991 792 3050 et
822 2987 936 3070 quanti
967 2987 1038 3070 ipse
1070 3010 1121 3052 me
1153 2988 1276 3053 faceret
1308 2992 1342 3053 et
1375 3011 1471 3074 quam

195 3114 290 3156 suum
313 3092 413 3157 talem
433 3114 510 3178 erga
529 3115 579 3157 me
599 3092 745 3157 animum
764 3094 825 3157 tibi
844 3098 977 3179 gratum
995 3099 1126 3178 putaret
1144 3095 1227 3180 for'e3
1252 3095 1342 3160 euius
1363 3096 1472 3161 officia

194 3198 384 3264 iucundiora
412 3199 537 3264 scilieet
564 3222 659 3284 saepe
688 3200 767 3264 mihi
796 3199 941 3283 fuerunt,
972 3223 1150 3286 numquam
1178 3205 1289 3266 tamen
1315 3203 1472 3289 gratiora.

195 3311 378 3370 meantem
400 3328 466 3370 non
490 3306 595 3370 oratio
619 3310 676 3371 tua
700 3306 805 3370 solum
829 3309 862 3369 et
886 3306 1026 3371 societas
1044 3289 1154 3391 paene
1166 3307 1393 3394 aegritudinis,
1416 3310 1472 3375 sed
1483 3316 1543 3369 2⁵³

194 3413 293 3477 etiam
317 3412 496 3478 auotoritas
524 3413 725 3496 consolatur,
756 3416 851 3496 turpe
879 3413 967 3476 enim
990 3436 1060 3478 esse
1084 3414 1236 3479 existimo
1260 3437 1312 3480 me
1334 3418 1473 3481 nonita

193 3520 277 3584 ferre
301 3541 412 3585 casum
436 3543 552 3603 meum,
575 3525 612 3584 ut
636 3525 683 3605 tu,
705 3519 765 3583 tali
789 3519 950 3603 sapientia
969 3519 1147 3604 praeditus,
1169 3520 1338 3586 ferendum
1361 3527 1474 3610 putas3

193 3627 250 3690 sed
278 3629 444 3711 opprimor
468 3628 631 3691 interdum
659 3630 693 3690 et
720 3627 774 3690 vix
801 3626 919 3691 resisto
947 3626 1066 3710 dolori,
1097 3628 1184 3710 quod
1206 3649 1245 3692 ea
1267 3649 1319 3692 me
1350 3630 1474 3696 solacia

193 3734 359 3818 deficiunt,
392 3756 473 3819 quae
503 3734 632 3818 ceteris,
665 3753 803 3817 quorum
832 3731 912 3795 mihi
941 3732 1088 3817 exempla
1115 3755 1276 3820 propono,
1308 3735 1411 3802 simili
1438 3736 1473 3801 in

192 3838 325 3903 fortuna
346 3862 413 3904 non
436 3839 620 3903 defuerunt:
643 3860 719 3902 nam
743 3841 777 3902 et
797 3837 834 3913 Q.
853 3837 1026 3924 Maximus,
1049 3840 1105 3922 qui
1128 3840 1232 3905 filium
1256 3842 1471 3930 consularem,
1484 3864 1510 3903 so
1539 3866 1543 3879 ·

193 3946 317 4010 clarum
343 3946 449 4011 virum
477 3950 511 4009 et
538 3945 665 4032 magnis
697 3945 792 4009 rebus
824 3944 941 4029 gestis,
971 3945 1096 4031 amisit,
1126 3951 1160 4011 et
1182 3947 1218 4012 L.
1236 3946 1386 4034 Paullus,
1417 3951 1473 4034 qui

192 4052 255 4117 duo
280 4056 406 4136 septem
429 4052 552 4136 diebus,
574 4057 608 4117 et
631 4056 738 4117 vester
757 4049 858 4115 Galus
878 4056 911 4114 et
929 4051 973 4115 M.
993 4050 1083 4137 (lato,
1108 4055 1162 4137 qui
1183 4076 1310 4119 summo
1329 4055 1474 4142 ingenio,

192 4181 320 4224 summa
348 4159 468 4224 virtute
496 4160 600 4223 filium
627 4159 781 4243 perdidit,
815 4159 862 4221 eis
890 4159 1093 4243 temporibus
1120 4161 1265 4245 fuerunt,
1292 4165 1331 4226 ut
1358 4185 1473 4228 eorum

260 4304 311 4311 ..—

280 4394 304 4442 3.
325 4386 486 4442 commitere
506 4388 542 4439 M
556 4390 565 4457 ΙΙ
585 4393 607 4441 5.
629 4387 666 4441 ad
684 4389 713 4441 te
732 4405 782 4441 ora.
802 4386 831 4441 R
850 4389 859 4455 Η
878 4392 900 4440 7.
921 4386 1072 4456 aliquoties
1092 4393 1132 4460 ςΙΙ
1152 4396 1176 4444 8.
1196 4406 1226 4444 re
1245 4407 1295 4446 om.
1315 4389 1471 4461 Ruspisci

192 4460 233 4527 M,
253 4459 373 4528 adipisci
394 4460 456 4514 GR.
481 4460 514 4525 cs.
535 4459 658 4513 Setmela
674 4477 701 4528 p.
720 4464 770 4512 104
788 4459 798 4527 ΙΙ
818 4463 858 4511 11.
879 4458 960 4512 desse
979 4459 1024 4527 M,
1050 4461 1147 4515 deesse
1168 4460 1223 4516 GR
1240 4464 1251 4532 ΙΙ
1272 4466 1311 4518 11.
1333 4468 1376 4519 12.
1395 4465 1469 4517 trau·

191 4529 323 4596 quillioro
342 4532 394 4585 olii
416 4535 425 4601 l
449 4537 490 4586 1⁴2.
510 4547 647 4600 cognosco
667 4530 703 4597 R,
722 4529 821 4597 ignoro
842 4530 867 4582 G
882 4531 891 4596 ΙΙ
912 4529 965 4601 eis]
985 4529 1029 4583 his
1048 4534 1084 4599 a,
1102 4531 1138 4585 iis
1158 4550 1174 4592 ς
1197 4537 1215 4657 l
1231 4538 1271 4587 15.
1291 4533 1364 4606 Ser]
1383 4532 1468 4588 serui·

190 4599 230 4654 lio
249 4604 275 4654 a
293 4605 355 4671 (ons.
374 4602 427 4671 13¹)
454 4605 464 4671 ll
493 4609 533 4657 18.
555 4609 595 4656 19.
620 4601 723 4655 litteris
747 4599 828 4655 lectis
848 4601 895 4666 M,
919 4600 1021 4654 litteris
1045 4601 1118 4656 letus
1138 4604 1179 4673 R,
1217 4603 1286 4658 eatis
1309 4603 1415 4659 litteris
1434 4604 1467 4671 G,

192 4670 246 4724 litt.
267 4672 367 4745 (tuis)
387 4673 404 4726 I.
426 4690 441 4730 ς
464 4677 474 4742 ΙΙ
497 4680 539 4729 20.
558 4673 614 4743 ipsi
635 4674 668 4726 M
684 4676 694 4742 ΙΙ
716 4678 757 4726 ⁶24.
778 4672 891 4724 fuerunt
910 4690 935 4740 ς,
955 4672 1060 4726 fuerint
1078 4678 1104 4727 a
1131 4678 1140 4743 l
1168 4681 1210 4729 29.
1231 4674 1405 4729 eddeliciunt
1418 4674 1467 4747 Mil

192 4746 234 4795 31.
253 4742 354 4810 paulus
375 4744 429 4819 GR
451 4747 462 4813 11
484 4751 525 4799 32.
545 4745 628 4826 galus
647 4745 683 4799 M
707 4745 752 4811 (ef.
772 4745 924 4798 Mommsen
944 4745 1034 4798 ‘roem
1056 4746 1181 4801 Forsctf
1202 4748 1260 4816 lp.
1276 4749 1351 4815 119),
1374 4744 1465 4817 gallus

194 4813 247 4866 GR
261 4816 271 4882 [Ι
285 4819 326 4865 33.
347 4813 399 4884 eis]
419 4814 464 4868 his
482 4818 516 4883 Ω,
536 4816 607 4874 ires
