<?xml version="1.0" encoding="UTF-8"?>
<!DOCTYPE html PUBLIC "-//W3C//DTD XHTML 1.0 Transitional//EN"
    "http://www.w3.org/TR/xhtml1/DTD/xhtml1-transitional.dtd">
<html xmlns="http://www.w3.org/1999/xhtml" xml:lang="en" lang="en">
 <head>
  <title>
</title>
<meta http-equiv="Content-Type" content="text/html;charset=utf-8" />
  <meta name='ocr-system' content='tesseract 3.04.00' />
  <meta name='ocr-capabilities' content='ocr_page ocr_carea ocr_par ocr_line ocrx_word'/>
</head>
<body>
  <div class='ocr_page' id='page_1' title='image "./mtulliciceronis00koergoog_0338.png"; bbox 0 0 3286 5460; ppageno 0'>
   <div class='ocr_carea' id='block_1_1' title="bbox 548 385 1120 443">
    <p class='ocr_par' dir='ltr' id='par_1_1' title="bbox 548 385 1120 443">
     <span class='ocr_line' id='line_1_1' title="bbox 548 385 1120 443; baseline -0.007 -1"><span class='ocrx_word' id='word_1_1' title='bbox 548 385 806 442; x_wconf 80' lang='lat' dir='ltr'><strong>EPISTVLARVM</strong></span> <span class='ocrx_word' id='word_1_2' title='bbox 824 386 870 441; x_wconf 79' lang='lat' dir='ltr'>XI.</span> <span class='ocrx_word' id='word_1_3' title='bbox 890 392 933 441; x_wconf 77' lang='lat'>24.</span> <span class='ocrx_word' id='word_1_4' title='bbox 953 392 995 442; x_wconf 79' lang='lat' dir='ltr'>ss.</span> <span class='ocrx_word' id='word_1_5' title='bbox 1015 392 1057 443; x_wconf 82' lang='lat'>26.</span> <span class='ocrx_word' id='word_1_6' title='bbox 1077 390 1120 442; x_wconf 75' lang='lat' dir='ltr'>at.</span> 
     </span>
    </p>
   </div>
   <div class='ocr_carea' id='block_1_2' title="bbox 501 619 1172 850">
    <p class='ocr_par' dir='ltr' id='par_1_2' title="bbox 501 619 1172 850">
     <span class='ocr_line' id='line_1_2' title="bbox 707 619 965 711; baseline 0.004 -24"><span class='ocrx_word' id='word_1_7' title='bbox 707 622 827 689; x_wconf 79' lang='lat' dir='ltr'>xxvi.</span> <span class='ocrx_word' id='word_1_8' title='bbox 860 619 965 711; x_wconf 78' lang='lat'>(412.)</span> 
     </span>
     <span class='ocr_line' id='line_1_3' title="bbox 501 780 1172 850; baseline -0.003 -1"><span class='ocrx_word' id='word_1_9' title='bbox 501 784 540 849; x_wconf 88' lang='lat' dir='ltr'>n.</span> <span class='ocrx_word' id='word_1_10' title='bbox 564 782 740 850; x_wconf 79' lang='lat' dir='ltr'>nnvrvs</span> <span class='ocrx_word' id='word_1_11' title='bbox 765 783 796 849; x_wconf 91' lang='lat' dir='ltr'>s.</span> <span class='ocrx_word' id='word_1_12' title='bbox 819 783 860 848; x_wconf 87' lang='lat' dir='ltr'>n.</span> <span class='ocrx_word' id='word_1_13' title='bbox 883 782 927 848; x_wconf 88' lang='lat' dir='ltr'>M.</span> <span class='ocrx_word' id='word_1_14' title='bbox 951 780 1172 850; x_wconf 79' lang='lat' dir='ltr'>arannem.</span> 
     </span>
    </p>
   </div>
   <div class='ocr_carea' id='block_1_3' title="bbox 152 945 1475 1782">
    <p class='ocr_par' dir='ltr' id='par_1_3' title="bbox 152 945 1475 1782">
     <span class='ocr_line' id='line_1_4' title="bbox 281 945 1474 1032; baseline -0.001 -21"><span class='ocrx_word' id='word_1_15' title='bbox 281 945 425 1012; x_wconf 84' lang='lat' dir='ltr'>Maximo</span> <span class='ocrx_word' id='word_1_16' title='bbox 449 968 522 1011; x_wconf 90' lang='lat' dir='ltr'>meo</span> <span class='ocrx_word' id='word_1_17' title='bbox 541 946 652 1011; x_wconf 89' lang='lat' dir='ltr'>delore</span> <span class='ocrx_word' id='word_1_18' title='bbox 675 945 738 1011; x_wconf 89' lang='lat' dir='ltr'>hoo</span> <span class='ocrx_word' id='word_1_19' title='bbox 758 945 880 1010; x_wconf 87' lang='lat' dir='ltr'>solacio</span> <span class='ocrx_word' id='word_1_20' title='bbox 899 949 984 1030; x_wconf 90' lang='lat' dir='ltr'>utor,</span> <span class='ocrx_word' id='word_1_21' title='bbox 1004 945 1091 1030; x_wconf 91' lang='lat' dir='ltr'>qued</span> <span class='ocrx_word' id='word_1_22' title='bbox 1108 945 1305 1032; x_wconf 88' lang='lat' dir='ltr'>intellegunt</span> <span class='ocrx_word' id='word_1_23' title='bbox 1323 945 1474 1010; x_wconf 90' lang='lat' dir='ltr'>homines</span> 
     </span>
     <span class='ocr_line' id='line_1_5' title="bbox 191 1051 1472 1137; baseline -0.002 -18"><span class='ocrx_word' id='word_1_24' title='bbox 191 1078 259 1119; x_wconf 93' lang='lat' dir='ltr'>non</span> <span class='ocrx_word' id='word_1_25' title='bbox 282 1055 352 1118; x_wconf 90' lang='lat' dir='ltr'>sine</span> <span class='ocrx_word' id='word_1_26' title='bbox 375 1075 473 1119; x_wconf 87' lang='lat' dir='ltr'>eausa</span> <span class='ocrx_word' id='word_1_27' title='bbox 492 1075 544 1118; x_wconf 90' lang='lat' dir='ltr'>me</span> <span class='ocrx_word' id='word_1_28' title='bbox 562 1053 710 1120; x_wconf 76' lang='lat' dir='ltr'><strong>timuisse</strong></span> <span class='ocrx_word' id='word_1_29' title='bbox 729 1053 803 1136; x_wconf 88' lang='lat' dir='ltr'>ista,</span> <span class='ocrx_word' id='word_1_30' title='bbox 821 1074 903 1137; x_wconf 87' lang='lat' dir='ltr'>quae</span> <span class='ocrx_word' id='word_1_31' title='bbox 923 1051 1119 1117; x_wconf 88' lang='lat' dir='ltr'>acciderunt.</span> <span class='ocrx_word' id='word_1_32' title='bbox 1153 1053 1343 1137; x_wconf 81' lang='lat' dir='ltr'>deliberent,</span> <span class='ocrx_word' id='word_1_33' title='bbox 1362 1057 1472 1119; x_wconf 90' lang='lat' dir='ltr'>utrum</span> 
     </span>
     <span class='ocr_line' id='line_1_6' title="bbox 168 1158 1475 1247; baseline -0.001 -22"><span class='ocrx_word' id='word_1_34' title='bbox 168 1161 350 1227; x_wconf 77' lang='lat' dir='ltr'>straieiant</span> <span class='ocrx_word' id='word_1_35' title='bbox 375 1160 523 1247; x_wconf 81' lang='lat' dir='ltr'>legiones</span> <span class='ocrx_word' id='word_1_36' title='bbox 552 1183 592 1225; x_wconf 84' lang='lat' dir='ltr'>ex</span> <span class='ocrx_word' id='word_1_37' title='bbox 614 1159 727 1225; x_wconf 82' lang='lat' dir='ltr'>Africa</span> <span class='ocrx_word' id='word_1_38' title='bbox 753 1181 854 1225; x_wconf 87' lang='lat' dir='ltr'>necne</span> <span class='ocrx_word' id='word_1_39' title='bbox 883 1164 915 1224; x_wconf 92' lang='lat' dir='ltr'>et</span> <span class='ocrx_word' id='word_1_40' title='bbox 943 1181 981 1224; x_wconf 86' lang='lat' dir='ltr'>ex</span> <span class='ocrx_word' id='word_1_41' title='bbox 1006 1158 1170 1245; x_wconf 78' lang='lat' dir='ltr'><strong>Sardinia,</strong></span> <span class='ocrx_word' id='word_1_42' title='bbox 1198 1165 1231 1225; x_wconf 88' lang='lat' dir='ltr'>et</span> <span class='ocrx_word' id='word_1_43' title='bbox 1254 1159 1394 1226; x_wconf 78' lang='lat' dir='ltr'><strong>Brutum</strong></span> <span class='ocrx_word' id='word_1_44' title='bbox 1424 1182 1475 1225; x_wconf 90' lang='lat' dir='ltr'>ae-</span> 
     </span>
     <span class='ocr_line' id='line_1_7' title="bbox 192 1266 1473 1353; baseline -0.005 -17"><span class='ocrx_word' id='word_1_45' title='bbox 192 1272 323 1336; x_wconf 87' lang='lat' dir='ltr'>aersant</span> <span class='ocrx_word' id='word_1_46' title='bbox 346 1291 460 1351; x_wconf 89' lang='lat' dir='ltr'>necne,</span> <span class='ocrx_word' id='word_1_47' title='bbox 489 1272 522 1332; x_wconf 87' lang='lat' dir='ltr'>et</span> <span class='ocrx_word' id='word_1_48' title='bbox 545 1267 632 1332; x_wconf 85' lang='lat' dir='ltr'>mihi&#39;</span> <span class='ocrx_word' id='word_1_49' title='bbox 649 1267 848 1353; x_wconf 80' lang='lat' dir='ltr'><strong>stipendium</strong></span> <span class='ocrx_word' id='word_1_50' title='bbox 870 1266 948 1331; x_wconf 90' lang='lat' dir='ltr'>dent</span> <span class='ocrx_word' id='word_1_51' title='bbox 971 1289 1013 1331; x_wconf 88' lang='lat' dir='ltr'>an</span> <span class='ocrx_word' id='word_1_52' title='bbox 1042 1267 1231 1332; x_wconf 88' lang='lat' dir='ltr'>decernant:</span> <span class='ocrx_word' id='word_1_53' title='bbox 1260 1267 1300 1331; x_wconf 89' lang='lat' dir='ltr'>ad</span> <span class='ocrx_word' id='word_1_54' title='bbox 1324 1270 1473 1331; x_wconf 90' lang='lat' dir='ltr'>senatum</span> 
     </span>
     <span class='ocr_line' id='line_1_8' title="bbox 190 1373 1474 1459; baseline -0.003 -19"><span class='ocrx_word' id='word_1_55' title='bbox 190 1375 321 1440; x_wconf 89' lang='lat' dir='ltr'>litteras</span> <span class='ocrx_word' id='word_1_56' title='bbox 344 1374 430 1441; x_wconf 91' lang='lat' dir='ltr'>misi.</span> <span class='ocrx_word' id='word_1_57' title='bbox 477 1375 570 1441; x_wconf 87' lang='lat' dir='ltr'>erede</span> <span class='ocrx_word' id='word_1_58' title='bbox 593 1374 684 1459; x_wconf 88' lang='lat' dir='ltr'>mihi,</span> <span class='ocrx_word' id='word_1_59' title='bbox 706 1374 770 1440; x_wconf 89' lang='lat' dir='ltr'>nisi</span> <span class='ocrx_word' id='word_1_60' title='bbox 793 1374 860 1439; x_wconf 89' lang='lat' dir='ltr'>ista</span> <span class='ocrx_word' id='word_1_61' title='bbox 884 1373 993 1439; x_wconf 92' lang='lat' dir='ltr'>omnia</span> <span class='ocrx_word' id='word_1_62' title='bbox 1014 1374 1063 1439; x_wconf 89' lang='lat' dir='ltr'>ita</span> <span class='ocrx_word' id='word_1_63' title='bbox 1085 1375 1179 1458; x_wconf 87' lang='lat' dir='ltr'>fiunt,</span> <span class='ocrx_word' id='word_1_64' title='bbox 1202 1373 1474 1459; x_wconf 84' lang='lat' dir='ltr'>quemadmodum</span> 
     </span>
     <span class='ocr_line' id='line_1_9' title="bbox 192 1481 1474 1567; baseline -0.001 -20"><span class='ocrx_word' id='word_1_65' title='bbox 192 1483 315 1567; x_wconf 88' lang='lat' dir='ltr'>scribo,</span> <span class='ocrx_word' id='word_1_66' title='bbox 344 1503 501 1567; x_wconf 89' lang='lat' dir='ltr'>magnum</span> <span class='ocrx_word' id='word_1_67' title='bbox 532 1504 594 1547; x_wconf 91' lang='lat' dir='ltr'>nos</span> <span class='ocrx_word' id='word_1_68' title='bbox 623 1481 728 1547; x_wconf 87' lang='lat' dir='ltr'>omnis</span> <span class='ocrx_word' id='word_1_69' title='bbox 762 1481 908 1546; x_wconf 89' lang='lat' dir='ltr'>adituros</span> <span class='ocrx_word' id='word_1_70' title='bbox 936 1481 1127 1566; x_wconf 89' lang='lat' dir='ltr'>periculum.</span> <span class='ocrx_word' id='word_1_71' title='bbox 1172 1502 1255 1566; x_wconf 91' lang='lat' dir='ltr'>rogo</span> <span class='ocrx_word' id='word_1_72' title='bbox 1283 1485 1330 1566; x_wconf 89' lang='lat' dir='ltr'>te,</span> <span class='ocrx_word' id='word_1_73' title='bbox 1358 1481 1474 1566; x_wconf 87' lang='lat' dir='ltr'>videte,</span> 
     </span>
     <span class='ocr_line' id='line_1_10' title="bbox 191 1588 1475 1674; baseline -0.002 -20"><span class='ocrx_word' id='word_1_74' title='bbox 191 1589 311 1673; x_wconf 92' lang='lat' dir='ltr'>quibus</span> <span class='ocrx_word' id='word_1_75' title='bbox 334 1588 523 1655; x_wconf 90' lang='lat' dir='ltr'>hominibus</span> <span class='ocrx_word' id='word_1_76' title='bbox 546 1588 717 1674; x_wconf 80' lang='lat' dir='ltr'>negotium</span> <span class='ocrx_word' id='word_1_77' title='bbox 740 1588 835 1672; x_wconf 90' lang='lat' dir='ltr'>detis,</span> <span class='ocrx_word' id='word_1_78' title='bbox 854 1588 910 1673; x_wconf 92' lang='lat' dir='ltr'>qui</span> <span class='ocrx_word' id='word_1_79' title='bbox 934 1589 975 1653; x_wconf 89' lang='lat' dir='ltr'>ad</span> <span class='ocrx_word' id='word_1_80' title='bbox 997 1611 1049 1653; x_wconf 92' lang='lat' dir='ltr'>me</span> <span class='ocrx_word' id='word_1_81' title='bbox 1072 1588 1219 1674; x_wconf 84' lang='lat' dir='ltr'>legiones</span> <span class='ocrx_word' id='word_1_82' title='bbox 1243 1589 1417 1655; x_wconf 86' lang='lat' dir='ltr'>adducant:</span> <span class='ocrx_word' id='word_1_83' title='bbox 1442 1592 1475 1652; x_wconf 91' lang='lat' dir='ltr'>et</span> 
     </span>
     <span class='ocr_line' id='line_1_11' title="bbox 152 1694 1194 1782; baseline 0 -21"><span class='ocrx_word' id='word_1_84' title='bbox 152 1721 177 1761; x_wconf 82' lang='lat' dir='ltr'>ro</span> <span class='ocrx_word' id='word_1_85' title='bbox 191 1695 253 1760; x_wconf 90' lang='lat' dir='ltr'>fide</span> <span class='ocrx_word' id='word_1_86' title='bbox 277 1718 359 1782; x_wconf 90' lang='lat' dir='ltr'>opus</span> <span class='ocrx_word' id='word_1_87' title='bbox 383 1702 434 1762; x_wconf 89' lang='lat' dir='ltr'>est</span> <span class='ocrx_word' id='word_1_88' title='bbox 457 1701 491 1763; x_wconf 91' lang='lat' dir='ltr'>et</span> <span class='ocrx_word' id='word_1_89' title='bbox 514 1696 691 1763; x_wconf 88' lang='lat' dir='ltr'>eeleritate.</span> <span class='ocrx_word' id='word_1_90' title='bbox 737 1714 777 1760; x_wconf 90' lang='lat'>111</span> <span class='ocrx_word' id='word_1_91' title='bbox 800 1694 886 1760; x_wconf 90' lang='lat' dir='ltr'>Non.</span> <span class='ocrx_word' id='word_1_92' title='bbox 910 1695 980 1760; x_wconf 92' lang='lat' dir='ltr'>Iun.</span> <span class='ocrx_word' id='word_1_93' title='bbox 1004 1718 1043 1761; x_wconf 86' lang='lat' dir='ltr'>ex</span> <span class='ocrx_word' id='word_1_94' title='bbox 1067 1696 1194 1761; x_wconf 89' lang='lat' dir='ltr'>castris.</span> 
     </span>
    </p>
   </div>
   <div class='ocr_carea' id='block_1_4' title="bbox 606 1907 1056 2139">
    <p class='ocr_par' dir='ltr' id='par_1_4' title="bbox 606 1907 1056 2139">
     <span class='ocr_line' id='line_1_12' title="bbox 693 1907 967 1998; baseline 0.011 -23"><span class='ocrx_word' id='word_1_95' title='bbox 693 1908 830 1976; x_wconf 79' lang='grc'>11111111.</span> <span class='ocrx_word' id='word_1_96' title='bbox 862 1907 967 1998; x_wconf 84' lang='lat' dir='ltr'>(ses.)</span> 
     </span>
     <span class='ocr_line' id='line_1_13' title="bbox 606 2068 1056 2139; baseline 0.004 -3"><span class='ocrx_word' id='word_1_97' title='bbox 606 2070 649 2136; x_wconf 92' lang='grc'>11.</span> <span class='ocrx_word' id='word_1_98' title='bbox 674 2068 835 2139; x_wconf 81' lang='lat' dir='ltr'>arcano</span> <span class='ocrx_word' id='word_1_99' title='bbox 860 2070 998 2138; x_wconf 78' lang='lat' dir='ltr'>mnne</span> <span class='ocrx_word' id='word_1_100' title='bbox 1024 2071 1056 2138; x_wconf 88' lang='lat' dir='ltr'>s</span> 
     </span>
    </p>
   </div>
   <div class='ocr_carea' id='block_1_5' title="bbox 152 2226 1501 2749">
    <p class='ocr_par' dir='ltr' id='par_1_5' title="bbox 152 2226 1501 2749">
     <span class='ocr_line' id='line_1_14' title="bbox 278 2226 1501 2320; baseline 0.003 -21"><span class='ocrx_word' id='word_1_101' title='bbox 278 2226 433 2300; x_wconf 80' lang='lat' dir='ltr'>Nondum</span> <span class='ocrx_word' id='word_1_102' title='bbox 457 2234 538 2299; x_wconf 89' lang='lat' dir='ltr'>satis</span> <span class='ocrx_word' id='word_1_103' title='bbox 570 2233 740 2318; x_wconf 89' lang='lat' dir='ltr'>constitui,</span> <span class='ocrx_word' id='word_1_104' title='bbox 763 2233 974 2300; x_wconf 79' lang='lat' dir='ltr'>molestiaene</span> <span class='ocrx_word' id='word_1_105' title='bbox 1002 2234 1075 2319; x_wconf 90' lang='lat' dir='ltr'>plus</span> <span class='ocrx_word' id='word_1_106' title='bbox 1104 2258 1146 2299; x_wconf 92' lang='lat' dir='ltr'>an</span> <span class='ocrx_word' id='word_1_107' title='bbox 1175 2235 1356 2320; x_wconf 89' lang='lat' dir='ltr'>voluptatis</span> <span class='ocrx_word' id='word_1_108' title='bbox 1385 2241 1501 2303; x_wconf 84' lang='lat' dir='ltr'>atta-1</span> 
     </span>
     <span class='ocr_line' id='line_1_15' title="bbox 189 2341 1468 2428; baseline 0.002 -22"><span class='ocrx_word' id='word_1_109' title='bbox 189 2341 268 2409; x_wconf 88' lang='lat' dir='ltr'>lerit</span> <span class='ocrx_word' id='word_1_110' title='bbox 291 2341 373 2407; x_wconf 92' lang='lat' dir='ltr'>mihi</span> <span class='ocrx_word' id='word_1_111' title='bbox 390 2342 565 2407; x_wconf 82' lang='lat' dir='ltr'>Trebatius</span> <span class='ocrx_word' id='word_1_112' title='bbox 588 2345 710 2426; x_wconf 87' lang='lat' dir='ltr'>noster,</span> <span class='ocrx_word' id='word_1_113' title='bbox 727 2341 826 2407; x_wconf 92' lang='lat' dir='ltr'>bomo</span> <span class='ocrx_word' id='word_1_114' title='bbox 850 2365 923 2407; x_wconf 90' lang='lat' dir='ltr'>cum</span> <span class='ocrx_word' id='word_1_115' title='bbox 941 2342 1056 2426; x_wconf 89' lang='lat' dir='ltr'>plenus</span> <span class='ocrx_word' id='word_1_116' title='bbox 1077 2341 1187 2427; x_wconf 85' lang='lat' dir='ltr'>officii,</span> <span class='ocrx_word' id='word_1_117' title='bbox 1205 2346 1276 2406; x_wconf 90' lang='lat' dir='ltr'>tum</span> <span class='ocrx_word' id='word_1_118' title='bbox 1299 2343 1468 2428; x_wconf 89' lang='lat' dir='ltr'>utriusque</span> 
     </span>
     <span class='ocr_line' id='line_1_16' title="bbox 152 2448 1469 2534; baseline 0.003 -23"><span class='ocrx_word' id='word_1_119' title='bbox 152 2474 176 2512; x_wconf 80' lang='lat' dir='ltr'>re</span> <span class='ocrx_word' id='word_1_120' title='bbox 190 2453 340 2514; x_wconf 88' lang='lat' dir='ltr'>nostrum</span> <span class='ocrx_word' id='word_1_121' title='bbox 364 2449 622 2513; x_wconf 89' lang='lat' dir='ltr'>amantissimus:</span> <span class='ocrx_word' id='word_1_122' title='bbox 644 2470 730 2531; x_wconf 89' lang='lat' dir='ltr'>nam,</span> <span class='ocrx_word' id='word_1_123' title='bbox 754 2471 828 2513; x_wconf 93' lang='lat' dir='ltr'>cum</span> <span class='ocrx_word' id='word_1_124' title='bbox 852 2449 886 2513; x_wconf 93' lang='lat' dir='ltr'>in</span> <span class='ocrx_word' id='word_1_125' title='bbox 905 2448 1123 2513; x_wconf 85' lang='lat' dir='ltr'>Tusculanum</span> <span class='ocrx_word' id='word_1_126' title='bbox 1147 2449 1273 2532; x_wconf 85' lang='lat' dir='ltr'>vesperi</span> <span class='ocrx_word' id='word_1_127' title='bbox 1297 2448 1469 2534; x_wconf 83' lang='lat' dir='ltr'>venissem,</span> 
     </span>
     <span class='ocr_line' id='line_1_17' title="bbox 191 2555 1468 2642; baseline 0.002 -21"><span class='ocrx_word' id='word_1_128' title='bbox 191 2556 348 2640; x_wconf 87' lang='lat' dir='ltr'>postridie</span> <span class='ocrx_word' id='word_1_129' title='bbox 371 2556 427 2620; x_wconf 91' lang='lat' dir='ltr'>ille</span> <span class='ocrx_word' id='word_1_130' title='bbox 451 2555 492 2620; x_wconf 94' lang='lat' dir='ltr'>ad</span> <span class='ocrx_word' id='word_1_131' title='bbox 516 2577 582 2639; x_wconf 89' lang='lat' dir='ltr'>me,</span> <span class='ocrx_word' id='word_1_132' title='bbox 604 2556 748 2620; x_wconf 90' lang='lat' dir='ltr'>nondum</span> <span class='ocrx_word' id='word_1_133' title='bbox 772 2555 853 2620; x_wconf 91' lang='lat' dir='ltr'>satis</span> <span class='ocrx_word' id='word_1_134' title='bbox 876 2556 971 2620; x_wconf 90' lang='lat' dir='ltr'>firmo</span> <span class='ocrx_word' id='word_1_135' title='bbox 995 2576 1128 2640; x_wconf 87' lang='lat' dir='ltr'>corpore</span> <span class='ocrx_word' id='word_1_136' title='bbox 1152 2578 1225 2621; x_wconf 88' lang='lat' dir='ltr'>eum</span> <span class='ocrx_word' id='word_1_137' title='bbox 1250 2561 1350 2642; x_wconf 87' lang='lat' dir='ltr'>esset,</span> <span class='ocrx_word' id='word_1_138' title='bbox 1374 2579 1468 2623; x_wconf 90' lang='lat' dir='ltr'>mane</span> 
     </span>
     <span class='ocr_line' id='line_1_18' title="bbox 190 2663 1468 2749; baseline 0.002 -21"><span class='ocrx_word' id='word_1_139' title='bbox 190 2663 293 2747; x_wconf 80' lang='lat' dir='ltr'>venit3</span> <span class='ocrx_word' id='word_1_140' title='bbox 316 2685 412 2747; x_wconf 93' lang='lat' dir='ltr'>quem</span> <span class='ocrx_word' id='word_1_141' title='bbox 437 2685 510 2728; x_wconf 91' lang='lat' dir='ltr'>cum</span> <span class='ocrx_word' id='word_1_142' title='bbox 534 2663 751 2748; x_wconf 87' lang='lat' dir='ltr'>obiurgarem,</span> <span class='ocrx_word' id='word_1_143' title='bbox 770 2663 857 2747; x_wconf 93' lang='lat' dir='ltr'>quod</span> <span class='ocrx_word' id='word_1_144' title='bbox 879 2685 996 2746; x_wconf 91' lang='lat' dir='ltr'>parum</span> <span class='ocrx_word' id='word_1_145' title='bbox 1018 2663 1198 2727; x_wconf 82' lang='lat' dir='ltr'>valetudini</span> <span class='ocrx_word' id='word_1_146' title='bbox 1221 2668 1377 2749; x_wconf 89' lang='lat' dir='ltr'>parceret,</span> <span class='ocrx_word' id='word_1_147' title='bbox 1397 2668 1468 2730; x_wconf 87' lang='lat' dir='ltr'>tum</span> 
     </span>
    </p>
   </div>
   <div class='ocr_carea' id='block_1_6' title="bbox 153 2768 1502 3175">
    <p class='ocr_par' dir='ltr' id='par_1_6' title="bbox 190 2768 1469 2855">
     <span class='ocr_line' id='line_1_19' title="bbox 190 2768 1469 2855; baseline 0.002 -22"><span class='ocrx_word' id='word_1_148' title='bbox 190 2769 257 2853; x_wconf 91' lang='lat' dir='ltr'>ille,</span> <span class='ocrx_word' id='word_1_149' title='bbox 279 2769 362 2833; x_wconf 88' lang='lat' dir='ltr'>nihil</span> <span class='ocrx_word' id='word_1_150' title='bbox 386 2769 450 2834; x_wconf 88' lang='lat' dir='ltr'>sibi</span> <span class='ocrx_word' id='word_1_151' title='bbox 473 2769 605 2855; x_wconf 89' lang='lat' dir='ltr'>longius</span> <span class='ocrx_word' id='word_1_152' title='bbox 627 2768 742 2854; x_wconf 78' lang='lat' dir='ltr'>fuisse,</span> <span class='ocrx_word' id='word_1_153' title='bbox 766 2791 864 2854; x_wconf 87' lang='lat' dir='ltr'>quam</span> <span class='ocrx_word' id='word_1_154' title='bbox 887 2773 925 2832; x_wconf 89' lang='lat' dir='ltr'>ut</span> <span class='ocrx_word' id='word_1_155' title='bbox 947 2792 998 2834; x_wconf 92' lang='lat' dir='ltr'>me</span> <span class='ocrx_word' id='word_1_156' title='bbox 1021 2769 1154 2834; x_wconf 82' lang='lat' dir='ltr'>videret.</span> <span class='ocrx_word' id='word_1_157' title='bbox 1200 2769 1469 2855; x_wconf 77' lang='lat' dir='ltr'>‘numquidnam&#39;,</span> 
     </span>
    </p>

    <p class='ocr_par' dir='ltr' id='par_1_7' title="bbox 153 2873 1502 3070">
     <span class='ocr_line' id='line_1_20' title="bbox 190 2873 1468 2963; baseline 0.002 -23"><span class='ocrx_word' id='word_1_158' title='bbox 190 2876 337 2962; x_wconf 89' lang='lat' dir='ltr'>inquam,</span> <span class='ocrx_word' id='word_1_159' title='bbox 361 2873 491 2940; x_wconf 68' lang='lat' dir='ltr'>‘novit’</span> <span class='ocrx_word' id='word_1_160' title='bbox 515 2875 634 2941; x_wconf 86' lang='lat' dir='ltr'>detulit</span> <span class='ocrx_word' id='word_1_161' title='bbox 657 2877 697 2941; x_wconf 90' lang='lat' dir='ltr'>ad</span> <span class='ocrx_word' id='word_1_162' title='bbox 720 2898 771 2940; x_wconf 93' lang='lat' dir='ltr'>me</span> <span class='ocrx_word' id='word_1_163' title='bbox 795 2875 960 2960; x_wconf 88' lang='lat' dir='ltr'>querelam</span> <span class='ocrx_word' id='word_1_164' title='bbox 984 2880 1085 2960; x_wconf 91' lang='lat' dir='ltr'>tuam,</span> <span class='ocrx_word' id='word_1_165' title='bbox 1109 2876 1147 2941; x_wconf 91' lang='lat' dir='ltr'>de</span> <span class='ocrx_word' id='word_1_166' title='bbox 1171 2899 1235 2961; x_wconf 90' lang='lat' dir='ltr'>qua</span> <span class='ocrx_word' id='word_1_167' title='bbox 1257 2877 1349 2963; x_wconf 88' lang='lat' dir='ltr'>prius</span> <span class='ocrx_word' id='word_1_168' title='bbox 1369 2900 1468 2962; x_wconf 87' lang='lat' dir='ltr'>quam</span> 
     </span>
     <span class='ocr_line' id='line_1_21' title="bbox 153 2983 1502 3070; baseline 0.003 -22"><span class='ocrx_word' id='word_1_169' title='bbox 153 3009 178 3048; x_wconf 80' lang='lat' dir='ltr'>so</span> <span class='ocrx_word' id='word_1_170' title='bbox 191 2983 379 3067; x_wconf 87' lang='lat' dir='ltr'>respondeo,</span> <span class='ocrx_word' id='word_1_171' title='bbox 401 3005 505 3068; x_wconf 88' lang='lat' dir='ltr'>pauca</span> <span class='ocrx_word' id='word_1_172' title='bbox 526 3005 717 3069; x_wconf 90' lang='lat' dir='ltr'>proponam.</span> <span class='ocrx_word' id='word_1_173' title='bbox 758 2985 916 3067; x_wconf 90' lang='lat' dir='ltr'>quantum</span> <span class='ocrx_word' id='word_1_174' title='bbox 938 2983 1098 3048; x_wconf 89' lang='lat' dir='ltr'>memoria</span> <span class='ocrx_word' id='word_1_175' title='bbox 1120 2988 1266 3070; x_wconf 88' lang='lat' dir='ltr'>repetere</span> <span class='ocrx_word' id='word_1_176' title='bbox 1289 2985 1468 3069; x_wconf 88' lang='lat' dir='ltr'>praeterita</span> <span class='ocrx_word' id='word_1_177' title='bbox 1487 3006 1502 3053; x_wconf 82' lang='lat'>2</span> 
     </span>
    </p>

    <p class='ocr_par' dir='ltr' id='par_1_8' title="bbox 189 3089 1468 3175">
     <span class='ocr_line' id='line_1_22' title="bbox 189 3089 1468 3175; baseline 0.002 -21"><span class='ocrx_word' id='word_1_178' title='bbox 189 3111 337 3174; x_wconf 88' lang='lat' dir='ltr'>possum,</span> <span class='ocrx_word' id='word_1_179' title='bbox 364 3111 460 3155; x_wconf 92' lang='lat' dir='ltr'>nemo</span> <span class='ocrx_word' id='word_1_180' title='bbox 488 3094 539 3155; x_wconf 86' lang='lat' dir='ltr'>est</span> <span class='ocrx_word' id='word_1_181' title='bbox 566 3090 648 3155; x_wconf 94' lang='lat' dir='ltr'>mihi</span> <span class='ocrx_word' id='word_1_182' title='bbox 675 3097 707 3155; x_wconf 91' lang='lat' dir='ltr'>te</span> <span class='ocrx_word' id='word_1_183' title='bbox 736 3089 859 3155; x_wconf 88' lang='lat' dir='ltr'>amicus</span> <span class='ocrx_word' id='word_1_184' title='bbox 887 3089 1066 3175; x_wconf 86' lang='lat' dir='ltr'>antiquior;</span> <span class='ocrx_word' id='word_1_185' title='bbox 1098 3091 1155 3156; x_wconf 88' lang='lat' dir='ltr'>sed</span> <span class='ocrx_word' id='word_1_186' title='bbox 1186 3096 1335 3156; x_wconf 83' lang='lat' dir='ltr'>vetustas</span> <span class='ocrx_word' id='word_1_187' title='bbox 1366 3092 1468 3157; x_wconf 88' lang='lat' dir='ltr'>habet</span> 
     </span>
    </p>
   </div>
   <div class='ocr_carea' id='block_1_7' title="bbox 191 3217 402 3225">
    <p class='ocr_par' dir='ltr' id='par_1_9' title="bbox 191 3217 402 3225">
     <span class='ocr_line' id='line_1_23' title="bbox 191 3217 402 3225; baseline -0.009 0"><span class='ocrx_word' id='word_1_188' title='bbox 191 3217 402 3225; x_wconf 48' lang='grc' dir='ltr'><strong>μ-,.----.</strong></span> 
     </span>
    </p>
   </div>
   <div class='ocr_carea' id='block_1_8' title="bbox 184 3281 1469 4922">
    <p class='ocr_par' dir='ltr' id='par_1_10' title="bbox 184 3281 1469 4922">
     <span class='ocr_line' id='line_1_24' title="bbox 278 3281 1467 3355; baseline 0.005 -21"><span class='ocrx_word' id='word_1_189' title='bbox 278 3288 302 3336; x_wconf 85' lang='grc'>3.</span> <span class='ocrx_word' id='word_1_190' title='bbox 321 3281 394 3354; x_wconf 84' lang='lat' dir='ltr'>&lt;in&gt;</span> <span class='ocrx_word' id='word_1_191' title='bbox 411 3281 534 3337; x_wconf 86' lang='lat' dir='ltr'>maximo</span> <span class='ocrx_word' id='word_1_192' title='bbox 553 3284 613 3350; x_wconf 88' lang='lat' dir='ltr'>alii,</span> <span class='ocrx_word' id='word_1_193' title='bbox 631 3301 759 3355; x_wconf 70' lang='lat' dir='ltr'>nep-reque</span> <span class='ocrx_word' id='word_1_194' title='bbox 776 3285 802 3338; x_wconf 79' lang='lat' dir='ltr'>lt.</span> <span class='ocrx_word' id='word_1_195' title='bbox 821 3285 929 3354; x_wconf 70' lang='lat' dir='ltr'>quidem</span> <span class='ocrx_word' id='word_1_196' title='bbox 944 3285 961 3340; x_wconf 92' lang='lat' dir='ltr'>l.</span> <span class='ocrx_word' id='word_1_197' title='bbox 972 3286 1177 3354; x_wconf 73' lang='lat' dir='ltr'>praepositione</span> <span class='ocrx_word' id='word_1_198' title='bbox 1195 3302 1317 3340; x_wconf 85' lang='lat' dir='ltr'>caremus</span> <span class='ocrx_word' id='word_1_199' title='bbox 1330 3287 1340 3355; x_wconf 95' lang='grc'>11</span> <span class='ocrx_word' id='word_1_200' title='bbox 1354 3291 1379 3341; x_wconf 82' lang='grc'>4.</span> <span class='ocrx_word' id='word_1_201' title='bbox 1399 3285 1467 3341; x_wconf 92' lang='lat' dir='ltr'>deli·</span> 
     </span>
     <span class='ocr_line' id='line_1_25' title="bbox 188 3353 1469 3428; baseline 0.001 -19"><span class='ocrx_word' id='word_1_202' title='bbox 188 3353 301 3422; x_wconf 84' lang='lat' dir='ltr'>beraut,</span> <span class='ocrx_word' id='word_1_203' title='bbox 323 3353 426 3408; x_wconf 86' lang='lat' dir='ltr'>beraut</span> <span class='ocrx_word' id='word_1_204' title='bbox 442 3356 474 3408; x_wconf 83' lang='lat' dir='ltr'>iu</span> <span class='ocrx_word' id='word_1_205' title='bbox 491 3371 559 3422; x_wconf 79' lang='lat' dir='ltr'>ras,</span> <span class='ocrx_word' id='word_1_206' title='bbox 579 3356 613 3410; x_wconf 87' lang='lat' dir='ltr'><em>H</em></span> <span class='ocrx_word' id='word_1_207' title='bbox 631 3357 641 3425; x_wconf 97' lang='grc'>11</span> <span class='ocrx_word' id='word_1_208' title='bbox 664 3360 687 3409; x_wconf 80' lang='grc'>8.</span> <span class='ocrx_word' id='word_1_209' title='bbox 708 3357 737 3410; x_wconf 89' lang='lat' dir='ltr'>et</span> <span class='ocrx_word' id='word_1_210' title='bbox 755 3372 789 3409; x_wconf 86' lang='lat' dir='ltr'>ex</span> <span class='ocrx_word' id='word_1_211' title='bbox 808 3355 940 3410; x_wconf 85' lang='lat' dir='ltr'>Sardinia</span> <span class='ocrx_word' id='word_1_212' title='bbox 958 3359 987 3411; x_wconf 90' lang='lat' dir='ltr'>et</span> <span class='ocrx_word' id='word_1_213' title='bbox 1004 3356 1134 3428; x_wconf 85' lang='lat' dir='ltr'>Brutum]</span> <span class='ocrx_word' id='word_1_214' title='bbox 1159 3357 1225 3412; x_wconf 85' lang='lat' dir='ltr'>latet</span> <span class='ocrx_word' id='word_1_215' title='bbox 1247 3359 1415 3426; x_wconf 76' lang='lat' dir='ltr'>corniptela,</span> <span class='ocrx_word' id='word_1_216' title='bbox 1437 3365 1469 3412; x_wconf 87' lang='lat' dir='ltr'>ut</span> 
     </span>
     <span class='ocr_line' id='line_1_26' title="bbox 188 3427 1468 3496; baseline 0.002 -15"><span class='ocrx_word' id='word_1_217' title='bbox 188 3427 308 3481; x_wconf 74' lang='lat' dir='ltr'>uidebar:</span> <span class='ocrx_word' id='word_1_218' title='bbox 327 3443 392 3480; x_wconf 87' lang='lat' dir='ltr'>nam</span> <span class='ocrx_word' id='word_1_219' title='bbox 409 3442 459 3481; x_wconf 90' lang='lat' dir='ltr'>nec</span> <span class='ocrx_word' id='word_1_220' title='bbox 476 3427 617 3482; x_wconf 82' lang='lat' dir='ltr'>collocatio</span> <span class='ocrx_word' id='word_1_221' title='bbox 638 3428 779 3482; x_wconf 85' lang='lat' dir='ltr'>uerborum</span> <span class='ocrx_word' id='word_1_222' title='bbox 793 3428 886 3496; x_wconf 86' lang='lat' dir='ltr'>placet</span> <span class='ocrx_word' id='word_1_223' title='bbox 903 3444 952 3483; x_wconf 88' lang='lat' dir='ltr'>nec</span> <span class='ocrx_word' id='word_1_224' title='bbox 969 3430 1079 3483; x_wconf 88' lang='lat' dir='ltr'>omnino</span> <span class='ocrx_word' id='word_1_225' title='bbox 1097 3430 1123 3482; x_wconf 88' lang='lat' dir='ltr'>ci</span> <span class='ocrx_word' id='word_1_226' title='bbox 1140 3429 1248 3483; x_wconf 86' lang='lat' dir='ltr'>insulae</span> <span class='ocrx_word' id='word_1_227' title='bbox 1266 3429 1311 3483; x_wconf 82' lang='lat' dir='ltr'>bic</span> <span class='ocrx_word' id='word_1_228' title='bbox 1331 3435 1368 3482; x_wconf 86' lang='lat' dir='ltr'>cst</span> <span class='ocrx_word' id='word_1_229' title='bbox 1386 3430 1468 3483; x_wconf 77' lang='lat' dir='ltr'>lomes.</span> 
     </span>
     <span class='ocr_line' id='line_1_27' title="bbox 184 3499 1468 3569; baseline 0.002 -18"><span class='ocrx_word' id='word_1_230' title='bbox 184 3503 273 3567; x_wconf 82' lang='lat' dir='ltr'>potest</span> <span class='ocrx_word' id='word_1_231' title='bbox 290 3499 378 3552; x_wconf 88' lang='lat' dir='ltr'>maior</span> <span class='ocrx_word' id='word_1_232' title='bbox 396 3514 450 3551; x_wconf 88' lang='lat' dir='ltr'>esse</span> <span class='ocrx_word' id='word_1_233' title='bbox 468 3500 622 3567; x_wconf 80' lang='lat' dir='ltr'>corruptela</span> <span class='ocrx_word' id='word_1_234' title='bbox 641 3517 695 3569; x_wconf 71' lang='lat' dir='ltr'>qna</span> <span class='ocrx_word' id='word_1_235' title='bbox 713 3500 858 3553; x_wconf 73' lang='lat' dir='ltr'>obseruata</span> <span class='ocrx_word' id='word_1_236' title='bbox 876 3501 933 3553; x_wconf 88' lang='lat' dir='ltr'>sint</span> <span class='ocrx_word' id='word_1_237' title='bbox 950 3501 1070 3555; x_wconf 82' lang='lat' dir='ltr'>aliarum</span> <span class='ocrx_word' id='word_1_238' title='bbox 1083 3501 1193 3567; x_wconf 85' lang='lat' dir='ltr'>ducum,</span> <span class='ocrx_word' id='word_1_239' title='bbox 1211 3500 1315 3565; x_wconf 85' lang='lat' dir='ltr'>Asinii,</span> <span class='ocrx_word' id='word_1_240' title='bbox 1335 3499 1468 3565; x_wconf 76' lang='lat' dir='ltr'>Caesaris,</span> 
     </span>
     <span class='ocr_line' id='line_1_28' title="bbox 190 3568 1468 3640; baseline 0.001 -17"><span class='ocrx_word' id='word_1_241' title='bbox 190 3569 279 3623; x_wconf 75' lang='lat' dir='ltr'>Cassii</span> <span class='ocrx_word' id='word_1_242' title='bbox 296 3571 410 3624; x_wconf 74' lang='lat' dir='ltr'>namium</span> <span class='ocrx_word' id='word_1_243' title='bbox 428 3569 474 3637; x_wconf 76' lang='lat' dir='ltr'>(cf.</span> <span class='ocrx_word' id='word_1_244' title='bbox 494 3568 590 3639; x_wconf 76' lang='lat' dir='ltr'>Lanpe</span> <span class='ocrx_word' id='word_1_245' title='bbox 610 3571 643 3625; x_wconf 89' lang='lat' dir='ltr'>‘r.</span> <span class='ocrx_word' id='word_1_246' title='bbox 663 3569 791 3625; x_wconf 63' lang='lat' dir='ltr'>Alunt?</span> <span class='ocrx_word' id='word_1_247' title='bbox 811 3568 869 3622; x_wconf 82' lang='lat'>111²</span> <span class='ocrx_word' id='word_1_248' title='bbox 885 3589 912 3639; x_wconf 92' lang='lat' dir='ltr'>p.</span> <span class='ocrx_word' id='word_1_249' title='bbox 929 3573 1050 3640; x_wconf 80' lang='lat' dir='ltr'>641sq.),</span> <span class='ocrx_word' id='word_1_250' title='bbox 1068 3577 1157 3639; x_wconf 88' lang='lat' dir='ltr'>potest</span> <span class='ocrx_word' id='word_1_251' title='bbox 1174 3573 1259 3624; x_wconf 87' lang='lat' dir='ltr'>unius</span> <span class='ocrx_word' id='word_1_252' title='bbox 1278 3570 1318 3623; x_wconf 86' lang='lat' dir='ltr'>M.</span> <span class='ocrx_word' id='word_1_253' title='bbox 1335 3570 1421 3624; x_wconf 86' lang='lat' dir='ltr'>Bruti</span> <span class='ocrx_word' id='word_1_254' title='bbox 1436 3573 1468 3625; x_wconf 88' lang='lat' dir='ltr'>in</span> 
     </span>
     <span class='ocr_line' id='line_1_29' title="bbox 189 3639 1467 3712; baseline 0.001 -18"><span class='ocrx_word' id='word_1_255' title='bbox 189 3639 355 3694; x_wconf 82' lang='lat' dir='ltr'>Macedonia</span> <span class='ocrx_word' id='word_1_256' title='bbox 373 3647 431 3694; x_wconf 83' lang='lat' dir='ltr'>tum</span> <span class='ocrx_word' id='word_1_257' title='bbox 449 3643 640 3696; x_wconf 85' lang='lat' dir='ltr'>commorantis</span> <span class='ocrx_word' id='word_1_258' title='bbox 658 3642 740 3696; x_wconf 87' lang='lat' dir='ltr'>latere</span> <span class='ocrx_word' id='word_1_259' title='bbox 757 3643 888 3696; x_wconf 76' lang='lat' dir='ltr'>maneria</span> <span class='ocrx_word' id='word_1_260' title='bbox 904 3645 960 3709; x_wconf 85' lang='lat' dir='ltr'>ita,</span> <span class='ocrx_word' id='word_1_261' title='bbox 982 3649 1014 3697; x_wconf 88' lang='lat' dir='ltr'>ut</span> <span class='ocrx_word' id='word_1_262' title='bbox 1032 3643 1151 3712; x_wconf 69' lang='lat' dir='ltr'>rapiente</span> <span class='ocrx_word' id='word_1_263' title='bbox 1169 3643 1288 3696; x_wconf 84' lang='lat' dir='ltr'>alicuius</span> <span class='ocrx_word' id='word_1_264' title='bbox 1309 3643 1467 3710; x_wconf 84' lang='lat' dir='ltr'>septentrio·</span> 
     </span>
     <span class='ocr_line' id='line_1_30' title="bbox 188 3709 1468 3768; baseline 0.001 -4"><span class='ocrx_word' id='word_1_265' title='bbox 188 3712 262 3765; x_wconf 82' lang='lat' dir='ltr'>natis</span> <span class='ocrx_word' id='word_1_266' title='bbox 279 3728 376 3765; x_wconf 86' lang='lat' dir='ltr'>nomen</span> <span class='ocrx_word' id='word_1_267' title='bbox 393 3712 425 3764; x_wconf 87' lang='lat' dir='ltr'>in</span> <span class='ocrx_word' id='word_1_268' title='bbox 444 3709 575 3765; x_wconf 86' lang='lat' dir='ltr'>Sardinia</span> <span class='ocrx_word' id='word_1_269' title='bbox 594 3713 623 3765; x_wconf 94' lang='lat' dir='ltr'>et</span> <span class='ocrx_word' id='word_1_270' title='bbox 640 3714 715 3767; x_wconf 88' lang='lat' dir='ltr'>insit.</span> <span class='ocrx_word' id='word_1_271' title='bbox 735 3714 764 3767; x_wconf 93' lang='lat' dir='ltr'>et</span> <span class='ocrx_word' id='word_1_272' title='bbox 782 3728 816 3766; x_wconf 88' lang='lat' dir='ltr'>ex</span> <span class='ocrx_word' id='word_1_273' title='bbox 833 3712 1001 3767; x_wconf 88' lang='lat' dir='ltr'>Macedonia</span> <span class='ocrx_word' id='word_1_274' title='bbox 1019 3712 1136 3766; x_wconf 89' lang='lat' dir='ltr'>Brutum</span> <span class='ocrx_word' id='word_1_275' title='bbox 1154 3713 1241 3768; x_wconf 84' lang='lat' dir='ltr'>voluit</span> <span class='ocrx_word' id='word_1_276' title='bbox 1259 3712 1359 3767; x_wconf 76' lang='lat' dir='ltr'>Stroth.</span> <span class='ocrx_word' id='word_1_277' title='bbox 1387 3714 1416 3765; x_wconf 93' lang='lat' dir='ltr'>et</span> <span class='ocrx_word' id='word_1_278' title='bbox 1433 3729 1468 3765; x_wconf 89' lang='lat' dir='ltr'>ex</span> 
     </span>
     <span class='ocr_line' id='line_1_31' title="bbox 188 3780 1468 3853; baseline 0.001 -17"><span class='ocrx_word' id='word_1_279' title='bbox 188 3780 369 3845; x_wconf 78' lang='lat' dir='ltr'>Sardinis”;</span> <span class='ocrx_word' id='word_1_280' title='bbox 388 3784 418 3835; x_wconf 87' lang='lat' dir='ltr'>et</span> <span class='ocrx_word' id='word_1_281' title='bbox 435 3781 553 3836; x_wconf 90' lang='lat' dir='ltr'>Brutum</span> <span class='ocrx_word' id='word_1_282' title='bbox 571 3783 677 3839; x_wconf 74' lang='lat' dir='ltr'>Schelle.</span> <span class='ocrx_word' id='word_1_283' title='bbox 705 3801 802 3838; x_wconf 85' lang='lat' dir='ltr'>sanam</span> <span class='ocrx_word' id='word_1_284' title='bbox 820 3791 910 3838; x_wconf 87' lang='lat' dir='ltr'>tamen</span> <span class='ocrx_word' id='word_1_285' title='bbox 929 3787 1003 3840; x_wconf 90' lang='lat' dir='ltr'>omni</span> <span class='ocrx_word' id='word_1_286' title='bbox 1017 3802 1050 3838; x_wconf 85' lang='lat' dir='ltr'>en</span> <span class='ocrx_word' id='word_1_287' title='bbox 1061 3789 1142 3852; x_wconf 82' lang='lat' dir='ltr'>parte</span> <span class='ocrx_word' id='word_1_288' title='bbox 1156 3784 1289 3837; x_wconf 85' lang='lat' dir='ltr'>traditam</span> <span class='ocrx_word' id='word_1_289' title='bbox 1301 3785 1468 3853; x_wconf 82' lang='lat' dir='ltr'>scripturam</span> 
     </span>
     <span class='ocr_line' id='line_1_32' title="bbox 185 3853 1469 3925; baseline 0.005 -18"><span class='ocrx_word' id='word_1_290' title='bbox 185 3859 269 3921; x_wconf 84' lang='lat' dir='ltr'>putot</span> <span class='ocrx_word' id='word_1_291' title='bbox 284 3853 314 3908; x_wconf 91' lang='lat' dir='ltr'>O.</span> <span class='ocrx_word' id='word_1_292' title='bbox 331 3854 366 3908; x_wconf 86' lang='lat' dir='ltr'>E.</span> <span class='ocrx_word' id='word_1_293' title='bbox 382 3853 519 3909; x_wconf 68' lang='lat' dir='ltr'>&amp;emmer</span> <span class='ocrx_word' id='word_1_294' title='bbox 536 3856 571 3921; x_wconf 83' lang='lat' dir='ltr'>cs.</span> <span class='ocrx_word' id='word_1_295' title='bbox 586 3872 651 3908; x_wconf 88' lang='lat' dir='ltr'>ann.</span> <span class='ocrx_word' id='word_1_296' title='bbox 663 3856 732 3924; x_wconf 84' lang='lat' dir='ltr'>plnl.</span> <span class='ocrx_word' id='word_1_297' title='bbox 750 3860 817 3909; x_wconf 84' lang='lat'>1891</span> <span class='ocrx_word' id='word_1_298' title='bbox 833 3874 862 3924; x_wconf 90' lang='lat' dir='ltr'>p.</span> <span class='ocrx_word' id='word_1_299' title='bbox 874 3861 926 3908; x_wconf 78' lang='lat'>344</span> <span class='ocrx_word' id='word_1_300' title='bbox 945 3858 954 3923; x_wconf 89' lang='grc'>1</span> <span class='ocrx_word' id='word_1_301' title='bbox 973 3862 997 3910; x_wconf 82' lang='lat'>5.</span> <span class='ocrx_word' id='word_1_302' title='bbox 1012 3861 1036 3910; x_wconf 87' lang='lat'>6.</span> <span class='ocrx_word' id='word_1_303' title='bbox 1053 3856 1199 3909; x_wconf 88' lang='lat' dir='ltr'>accersant</span> <span class='ocrx_word' id='word_1_304' title='bbox 1214 3858 1250 3921; x_wconf 85' lang='grc' dir='ltr'>Ψ,</span> <span class='ocrx_word' id='word_1_305' title='bbox 1271 3857 1415 3909; x_wconf 88' lang='lat' dir='ltr'>arcessant</span> <span class='ocrx_word' id='word_1_306' title='bbox 1428 3872 1445 3913; x_wconf 84' lang='grc' dir='ltr'><strong><em>ς</em></strong></span> <span class='ocrx_word' id='word_1_307' title='bbox 1459 3856 1469 3925; x_wconf 92' lang='grc'>11</span> 
     </span>
     <span class='ocr_line' id='line_1_33' title="bbox 188 3923 1468 3996; baseline 0.004 -20"><span class='ocrx_word' id='word_1_308' title='bbox 188 3929 212 3978; x_wconf 86' lang='grc'>6.</span> <span class='ocrx_word' id='word_1_309' title='bbox 233 3924 301 3978; x_wconf 91' lang='lat' dir='ltr'>dent</span> <span class='ocrx_word' id='word_1_310' title='bbox 319 3941 356 3978; x_wconf 91' lang='lat' dir='ltr'>an</span> <span class='ocrx_word' id='word_1_311' title='bbox 375 3923 539 3995; x_wconf 83' lang='lat' dir='ltr'>decamant]</span> <span class='ocrx_word' id='word_1_312' title='bbox 558 3928 623 3980; x_wconf 83' lang='lat' dir='ltr'>boec</span> <span class='ocrx_word' id='word_1_313' title='bbox 641 3944 744 3996; x_wconf 76' lang='lat' dir='ltr'>quaqua</span> <span class='ocrx_word' id='word_1_314' title='bbox 761 3928 861 3982; x_wconf 84' lang='lat' dir='ltr'>dubia:</span> <span class='ocrx_word' id='word_1_315' title='bbox 880 3929 928 3982; x_wconf 85' lang='lat' dir='ltr'>cicc</span> <span class='ocrx_word' id='word_1_316' title='bbox 946 3929 1019 3982; x_wconf 87' lang='lat' dir='ltr'>enim</span> <span class='ocrx_word' id='word_1_317' title='bbox 1036 3944 1097 3981; x_wconf 87' lang='lat' dir='ltr'>cum</span> <span class='ocrx_word' id='word_1_318' title='bbox 1118 3927 1148 3981; x_wconf 90' lang='lat'>0.</span> <span class='ocrx_word' id='word_1_319' title='bbox 1164 3926 1199 3980; x_wconf 78' lang='lat' dir='ltr'>E.</span> <span class='ocrx_word' id='word_1_320' title='bbox 1214 3926 1363 3982; x_wconf 76' lang='lat' dir='ltr'>Schmidtio</span> <span class='ocrx_word' id='word_1_321' title='bbox 1381 3928 1468 3981; x_wconf 86' lang='lat' dir='ltr'>credi·</span> 
     </span>
     <span class='ocr_line' id='line_1_34' title="bbox 187 3995 1466 4067; baseline 0.002 -16"><span class='ocrx_word' id='word_1_322' title='bbox 187 3996 275 4051; x_wconf 86' lang='lat' dir='ltr'>dcrirn</span> <span class='ocrx_word' id='word_1_323' title='bbox 294 3995 362 4050; x_wconf 90' lang='lat' dir='ltr'>dent</span> <span class='ocrx_word' id='word_1_324' title='bbox 379 4014 404 4052; x_wconf 86' lang='lat' dir='ltr'>u.</span> <span class='ocrx_word' id='word_1_325' title='bbox 422 3998 592 4063; x_wconf 77' lang='lat' dir='ltr'>referendum</span> <span class='ocrx_word' id='word_1_326' title='bbox 611 4015 664 4052; x_wconf 85' lang='lat' dir='ltr'>esse</span> <span class='ocrx_word' id='word_1_327' title='bbox 682 3999 720 4051; x_wconf 85' lang='lat' dir='ltr'>ad</span> <span class='ocrx_word' id='word_1_328' title='bbox 733 4000 881 4066; x_wconf 77' lang='lat' dir='ltr'>pemaniam</span> <span class='ocrx_word' id='word_1_329' title='bbox 900 4017 969 4067; x_wconf 80' lang='lat' dir='ltr'>qrrue</span> <span class='ocrx_word' id='word_1_330' title='bbox 988 4006 1046 4052; x_wconf 88' lang='lat' dir='ltr'>tum</span> <span class='ocrx_word' id='word_1_331' title='bbox 1063 4004 1129 4052; x_wconf 84' lang='lat' dir='ltr'>esset</span> <span class='ocrx_word' id='word_1_332' title='bbox 1147 3999 1178 4051; x_wconf 91' lang='lat' dir='ltr'>in</span> <span class='ocrx_word' id='word_1_333' title='bbox 1196 4000 1306 4051; x_wconf 83' lang='lat' dir='ltr'>aerario</span> <span class='ocrx_word' id='word_1_334' title='bbox 1326 3998 1372 4065; x_wconf 75' lang='lat' dir='ltr'>(cf.</span> <span class='ocrx_word' id='word_1_335' title='bbox 1393 3997 1466 4053; x_wconf 85' lang='lat' dir='ltr'>Caes.</span> 
     </span>
     <span class='ocr_line' id='line_1_35' title="bbox 188 4066 1467 4138; baseline 0 -17"><span class='ocrx_word' id='word_1_336' title='bbox 188 4068 212 4121; x_wconf 90' lang='lat' dir='ltr'>b.</span> <span class='ocrx_word' id='word_1_337' title='bbox 227 4084 249 4122; x_wconf 87' lang='lat' dir='ltr'>c.</span> <span class='ocrx_word' id='word_1_338' title='bbox 269 4066 291 4134; x_wconf 89' lang='lat'>1,</span> <span class='ocrx_word' id='word_1_339' title='bbox 306 4073 330 4136; x_wconf 82' lang='grc'>8,</span> <span class='ocrx_word' id='word_1_340' title='bbox 345 4073 374 4122; x_wconf 81' lang='lat'>3:</span> <span class='ocrx_word' id='word_1_341' title='bbox 395 4067 527 4136; x_wconf 78' lang='lat' dir='ltr'>‘pecunia</span> <span class='ocrx_word' id='word_1_342' title='bbox 545 4068 587 4121; x_wconf 88' lang='lat' dir='ltr'>uti</span> <span class='ocrx_word' id='word_1_343' title='bbox 606 4086 639 4122; x_wconf 82' lang='lat' dir='ltr'>ex</span> <span class='ocrx_word' id='word_1_344' title='bbox 659 4068 767 4122; x_wconf 89' lang='lat' dir='ltr'>aerario</span> <span class='ocrx_word' id='word_1_345' title='bbox 785 4068 919 4138; x_wconf 88' lang='lat' dir='ltr'>Pompeio</span> <span class='ocrx_word' id='word_1_346' title='bbox 939 4069 1057 4138; x_wconf 86' lang='lat' dir='ltr'>detur’),</span> <span class='ocrx_word' id='word_1_347' title='bbox 1077 4069 1230 4123; x_wconf 89' lang='lat' dir='ltr'>decernant</span> <span class='ocrx_word' id='word_1_348' title='bbox 1247 4088 1271 4123; x_wconf 89' lang='lat' dir='ltr'>v.</span> <span class='ocrx_word' id='word_1_349' title='bbox 1290 4070 1328 4122; x_wconf 88' lang='lat' dir='ltr'>ad</span> <span class='ocrx_word' id='word_1_350' title='bbox 1346 4085 1404 4122; x_wconf 89' lang='lat' dir='ltr'>eam</span> <span class='ocrx_word' id='word_1_351' title='bbox 1419 4087 1467 4137; x_wconf 87' lang='lat' dir='ltr'>pc-</span> 
     </span>
     <span class='ocr_line' id='line_1_36' title="bbox 187 4140 1467 4211; baseline 0.001 -18"><span class='ocrx_word' id='word_1_352' title='bbox 187 4140 300 4193; x_wconf 86' lang='lat' dir='ltr'>cuniam</span> <span class='ocrx_word' id='word_1_353' title='bbox 318 4157 387 4209; x_wconf 77' lang='lat' dir='ltr'>puae</span> <span class='ocrx_word' id='word_1_354' title='bbox 405 4141 507 4194; x_wconf 84' lang='lat' dir='ltr'>tributo</span> <span class='ocrx_word' id='word_1_355' title='bbox 521 4147 585 4194; x_wconf 87' lang='lat' dir='ltr'>esset</span> <span class='ocrx_word' id='word_1_356' title='bbox 599 4143 719 4211; x_wconf 78' lang='lat' dir='ltr'>copenda</span> <span class='ocrx_word' id='word_1_357' title='bbox 732 4144 777 4210; x_wconf 78' lang='lat' dir='ltr'>(cf.</span> <span class='ocrx_word' id='word_1_358' title='bbox 793 4140 852 4207; x_wconf 85' lang='lat' dir='ltr'>XII,</span> <span class='ocrx_word' id='word_1_359' title='bbox 867 4145 909 4207; x_wconf 79' lang='lat'>30,</span> <span class='ocrx_word' id='word_1_360' title='bbox 925 4148 954 4208; x_wconf 78' lang='lat'>43</span> <span class='ocrx_word' id='word_1_361' title='bbox 977 4143 1031 4196; x_wconf 83' lang='lat' dir='ltr'>Cic.</span> <span class='ocrx_word' id='word_1_362' title='bbox 1047 4143 1084 4195; x_wconf 78' lang='lat' dir='ltr'>ael</span> <span class='ocrx_word' id='word_1_363' title='bbox 1098 4142 1180 4195; x_wconf 86' lang='lat' dir='ltr'>Brut.</span> <span class='ocrx_word' id='word_1_364' title='bbox 1195 4140 1216 4207; x_wconf 91' lang='lat' dir='ltr'>I,</span> <span class='ocrx_word' id='word_1_365' title='bbox 1232 4146 1273 4208; x_wconf 86' lang='grc'>18,</span> <span class='ocrx_word' id='word_1_366' title='bbox 1289 4142 1325 4207; x_wconf 80' lang='lat'>5).</span> <span class='ocrx_word' id='word_1_367' title='bbox 1344 4146 1467 4208; x_wconf 75' lang='lat' dir='ltr'>expecta-</span> 
     </span>
     <span class='ocr_line' id='line_1_37' title="bbox 188 4211 1468 4280; baseline 0.002 -17"><span class='ocrx_word' id='word_1_368' title='bbox 188 4216 234 4263; x_wconf 87' lang='lat' dir='ltr'>tur</span> <span class='ocrx_word' id='word_1_369' title='bbox 248 4211 343 4279; x_wconf 88' lang='lat' dir='ltr'>potius</span> <span class='ocrx_word' id='word_1_370' title='bbox 366 4213 500 4279; x_wconf 82' lang='lat' dir='ltr'>oppositio</span> <span class='ocrx_word' id='word_1_371' title='bbox 523 4229 578 4280; x_wconf 76' lang='lat' dir='ltr'>qua</span> <span class='ocrx_word' id='word_1_372' title='bbox 600 4213 767 4280; x_wconf 75' lang='lat' dir='ltr'>stipendium</span> <span class='ocrx_word' id='word_1_373' title='bbox 790 4213 901 4266; x_wconf 81' lang='lat' dir='ltr'>dicatur</span> <span class='ocrx_word' id='word_1_374' title='bbox 923 4219 972 4267; x_wconf 86' lang='lat' dir='ltr'>aut</span> <span class='ocrx_word' id='word_1_375' title='bbox 995 4215 1104 4268; x_wconf 83' lang='lat' dir='ltr'>decerni</span> <span class='ocrx_word' id='word_1_376' title='bbox 1126 4218 1255 4266; x_wconf 85' lang='lat' dir='ltr'>autnon</span> <span class='ocrx_word' id='word_1_377' title='bbox 1277 4213 1392 4266; x_wconf 85' lang='lat' dir='ltr'>decerni.</span> <span class='ocrx_word' id='word_1_378' title='bbox 1420 4230 1468 4265; x_wconf 89' lang='lat' dir='ltr'>uec</span> 
     </span>
     <span class='ocr_line' id='line_1_38' title="bbox 188 4281 1468 4354; baseline 0.001 -19"><span class='ocrx_word' id='word_1_379' title='bbox 188 4286 279 4336; x_wconf 86' lang='lat' dir='ltr'>tamen</span> <span class='ocrx_word' id='word_1_380' title='bbox 296 4299 358 4336; x_wconf 85' lang='lat' dir='ltr'>cum</span> <span class='ocrx_word' id='word_1_381' title='bbox 377 4298 392 4339; x_wconf 87' lang='grc' dir='ltr'><strong><em>ς</em></strong></span> <span class='ocrx_word' id='word_1_382' title='bbox 411 4284 565 4350; x_wconf 69' lang='lat' dir='ltr'>scripserim</span> <span class='ocrx_word' id='word_1_383' title='bbox 585 4281 652 4336; x_wconf 88' lang='lat' dir='ltr'>dent</span> <span class='ocrx_word' id='word_1_384' title='bbox 671 4300 708 4335; x_wconf 92' lang='lat' dir='ltr'>an</span> <span class='ocrx_word' id='word_1_385' title='bbox 726 4281 823 4354; x_wconf 76' lang='lat' dir='ltr'>(non)</span> <span class='ocrx_word' id='word_1_386' title='bbox 844 4282 1005 4351; x_wconf 88' lang='lat' dir='ltr'>decernant,</span> <span class='ocrx_word' id='word_1_387' title='bbox 1023 4286 1070 4339; x_wconf 85' lang='lat' dir='ltr'>sed</span> <span class='ocrx_word' id='word_1_388' title='bbox 1089 4284 1229 4353; x_wconf 89' lang='lat' dir='ltr'>denegent</span> <span class='ocrx_word' id='word_1_389' title='bbox 1247 4285 1278 4335; x_wconf 87' lang='lat' dir='ltr'>in</span> <span class='ocrx_word' id='word_1_390' title='bbox 1298 4283 1365 4335; x_wconf 91' lang='lat' dir='ltr'>dent</span> <span class='ocrx_word' id='word_1_391' title='bbox 1386 4283 1468 4336; x_wconf 79' lang='lat' dir='ltr'>latae</span> 
     </span>
     <span class='ocr_line' id='line_1_39' title="bbox 184 4352 1467 4425; baseline 0 -19"><span class='ocrx_word' id='word_1_392' title='bbox 184 4353 348 4420; x_wconf 83' lang='lat' dir='ltr'>putaverim.</span> <span class='ocrx_word' id='word_1_393' title='bbox 377 4360 506 4407; x_wconf 83' lang='lat' dir='ltr'>errarunt</span> <span class='ocrx_word' id='word_1_394' title='bbox 525 4360 593 4409; x_wconf 84' lang='lat' dir='ltr'>certe</span> <span class='ocrx_word' id='word_1_395' title='bbox 614 4353 640 4408; x_wconf 82' lang='lat'>0.</span> <span class='ocrx_word' id='word_1_396' title='bbox 658 4354 693 4409; x_wconf 75' lang='lat' dir='ltr'>F.</span> <span class='ocrx_word' id='word_1_397' title='bbox 709 4353 855 4409; x_wconf 84' lang='lat' dir='ltr'>Hermarm</span> <span class='ocrx_word' id='word_1_398' title='bbox 873 4355 988 4424; x_wconf 82' lang='lat' dir='ltr'>(Philet.</span> <span class='ocrx_word' id='word_1_399' title='bbox 1008 4355 1033 4408; x_wconf 86' lang='lat' dir='ltr'>X</span> <span class='ocrx_word' id='word_1_400' title='bbox 1048 4374 1078 4425; x_wconf 89' lang='lat' dir='ltr'>p.</span> <span class='ocrx_word' id='word_1_401' title='bbox 1094 4357 1156 4423; x_wconf 82' lang='lat'>239)</span> <span class='ocrx_word' id='word_1_402' title='bbox 1180 4353 1295 4407; x_wconf 89' lang='lat' dir='ltr'>demant</span> <span class='ocrx_word' id='word_1_403' title='bbox 1318 4369 1355 4406; x_wconf 91' lang='lat' dir='ltr'>an</span> <span class='ocrx_word' id='word_1_404' title='bbox 1374 4352 1467 4407; x_wconf 89' lang='lat' dir='ltr'>decer-</span> 
     </span>
     <span class='ocr_line' id='line_1_40' title="bbox 187 4423 1469 4496; baseline 0.004 -21"><span class='ocrx_word' id='word_1_405' title='bbox 187 4425 257 4476; x_wconf 90' lang='lat' dir='ltr'>nant</span> <span class='ocrx_word' id='word_1_406' title='bbox 275 4430 301 4478; x_wconf 87' lang='lat' dir='ltr'>et</span> <span class='ocrx_word' id='word_1_407' title='bbox 320 4423 419 4477; x_wconf 73' lang='lat' dir='ltr'>lslots&#39;</span> <span class='ocrx_word' id='word_1_408' title='bbox 438 4423 507 4477; x_wconf 91' lang='lat' dir='ltr'>dent</span> <span class='ocrx_word' id='word_1_409' title='bbox 525 4442 562 4478; x_wconf 87' lang='lat' dir='ltr'>an</span> <span class='ocrx_word' id='word_1_410' title='bbox 576 4425 692 4478; x_wconf 86' lang='lat' dir='ltr'>demant</span> <span class='ocrx_word' id='word_1_411' title='bbox 708 4427 865 4480; x_wconf 80' lang='lat' dir='ltr'>scribentes:</span> <span class='ocrx_word' id='word_1_412' title='bbox 889 4430 1036 4481; x_wconf 83' lang='lat' dir='ltr'>nonenim</span> <span class='ocrx_word' id='word_1_413' title='bbox 1058 4428 1089 4480; x_wconf 86' lang='lat' dir='ltr'>id</span> <span class='ocrx_word' id='word_1_414' title='bbox 1111 4427 1243 4496; x_wconf 80' lang='lat' dir='ltr'>apcbatur</span> <span class='ocrx_word' id='word_1_415' title='bbox 1265 4431 1297 4478; x_wconf 86' lang='lat' dir='ltr'>ut</span> <span class='ocrx_word' id='word_1_416' title='bbox 1319 4426 1469 4480; x_wconf 86' lang='lat' dir='ltr'>dem-eretur</span> 
     </span>
     <span class='ocr_line' id='line_1_41' title="bbox 187 4495 1469 4567; baseline 0.002 -19"><span class='ocrx_word' id='word_1_417' title='bbox 187 4496 353 4563; x_wconf 79' lang='lat' dir='ltr'>stipendium</span> <span class='ocrx_word' id='word_1_418' title='bbox 371 4495 475 4562; x_wconf 85' lang='lat' dir='ltr'>Bruta,</span> <span class='ocrx_word' id='word_1_419' title='bbox 497 4499 546 4565; x_wconf 76' lang='lat' dir='ltr'>qui</span> <span class='ocrx_word' id='word_1_420' title='bbox 563 4497 685 4551; x_wconf 82' lang='lat' dir='ltr'>noan</span> <span class='ocrx_word' id='word_1_421' title='bbox 703 4499 848 4566; x_wconf 76' lang='lat' dir='ltr'>quicquam</span> <span class='ocrx_word' id='word_1_422' title='bbox 866 4505 1019 4567; x_wconf 85' lang='lat' dir='ltr'>acceperat,</span> <span class='ocrx_word' id='word_1_423' title='bbox 1036 4499 1082 4551; x_wconf 87' lang='lat' dir='ltr'>sed</span> <span class='ocrx_word' id='word_1_424' title='bbox 1100 4504 1193 4550; x_wconf 90' lang='lat' dir='ltr'>utrum</span> <span class='ocrx_word' id='word_1_425' title='bbox 1211 4498 1243 4549; x_wconf 86' lang='lat' dir='ltr'>in</span> <span class='ocrx_word' id='word_1_426' title='bbox 1265 4498 1377 4550; x_wconf 83' lang='lat' dir='ltr'>summis</span> <span class='ocrx_word' id='word_1_427' title='bbox 1400 4514 1469 4565; x_wconf 74' lang='lat' dir='ltr'>quae</span> 
     </span>
     <span class='ocr_line' id='line_1_42' title="bbox 188 4567 1469 4638; baseline 0.002 -20"><span class='ocrx_word' id='word_1_428' title='bbox 188 4571 244 4618; x_wconf 85' lang='lat' dir='ltr'>tum</span> <span class='ocrx_word' id='word_1_429' title='bbox 268 4572 346 4620; x_wconf 88' lang='lat' dir='ltr'>erant</span> <span class='ocrx_word' id='word_1_430' title='bbox 365 4569 500 4635; x_wconf 85' lang='lat' dir='ltr'>pecuniae</span> <span class='ocrx_word' id='word_1_431' title='bbox 518 4569 647 4637; x_wconf 84' lang='lat' dir='ltr'>publicae</span> <span class='ocrx_word' id='word_1_432' title='bbox 670 4569 808 4637; x_wconf 72' lang='lat' dir='ltr'>anqustiis</span> <span class='ocrx_word' id='word_1_433' title='bbox 829 4570 938 4623; x_wconf 85' lang='lat' dir='ltr'>decerni</span> <span class='ocrx_word' id='word_1_434' title='bbox 962 4577 1052 4638; x_wconf 88' lang='lat' dir='ltr'>posset</span> <span class='ocrx_word' id='word_1_435' title='bbox 1074 4585 1163 4623; x_wconf 78' lang='lat' dir='ltr'>necrae.</span> <span class='ocrx_word' id='word_1_436' title='bbox 1196 4574 1311 4622; x_wconf 83' lang='lat' dir='ltr'>ceterum</span> <span class='ocrx_word' id='word_1_437' title='bbox 1335 4567 1469 4636; x_wconf 81' lang='lat' dir='ltr'>‘pecunia</span> 
     </span>
     <span class='ocr_line' id='line_1_43' title="bbox 188 4635 1467 4709; baseline 0.003 -21"><span class='ocrx_word' id='word_1_438' title='bbox 188 4635 401 4705; x_wconf 83' lang='lat' dir='ltr'>expeditissima</span> <span class='ocrx_word' id='word_1_439' title='bbox 420 4654 492 4706; x_wconf 89' lang='lat' dir='ltr'>quae</span> <span class='ocrx_word' id='word_1_440' title='bbox 511 4637 585 4703; x_wconf 86' lang='lat' dir='ltr'>erat,</span> <span class='ocrx_word' id='word_1_441' title='bbox 609 4637 664 4692; x_wconf 89' lang='lat' dir='ltr'>tibi</span> <span class='ocrx_word' id='word_1_442' title='bbox 683 4638 796 4692; x_wconf 86' lang='lat' dir='ltr'>decreta</span> <span class='ocrx_word' id='word_1_443' title='bbox 815 4640 884 4694; x_wconf 87' lang='lat' dir='ltr'>est&#39;:</span> <span class='ocrx_word' id='word_1_444' title='bbox 908 4658 948 4709; x_wconf 90' lang='lat' dir='ltr'>ep.</span> <span class='ocrx_word' id='word_1_445' title='bbox 963 4646 1037 4707; x_wconf 55' lang='grc'>818</span> <span class='ocrx_word' id='word_1_446' title='bbox 1057 4642 1094 4708; x_wconf 90' lang='lat' dir='ltr'>(a.</span> <span class='ocrx_word' id='word_1_447' title='bbox 1109 4641 1135 4693; x_wconf 88' lang='lat' dir='ltr'>d.</span> <span class='ocrx_word' id='word_1_448' title='bbox 1155 4656 1204 4691; x_wconf 88' lang='lat' dir='ltr'>vm</span> <span class='ocrx_word' id='word_1_449' title='bbox 1222 4639 1265 4694; x_wconf 76' lang='lat' dir='ltr'>Ic.</span> <span class='ocrx_word' id='word_1_450' title='bbox 1287 4639 1355 4692; x_wconf 86' lang='lat' dir='ltr'>Iun.</span> <span class='ocrx_word' id='word_1_451' title='bbox 1375 4640 1412 4693; x_wconf 87' lang='lat' dir='ltr'>ad</span> <span class='ocrx_word' id='word_1_452' title='bbox 1429 4639 1467 4692; x_wconf 89' lang='lat' dir='ltr'>D.</span> 
     </span>
     <span class='ocr_line' id='line_1_44' title="bbox 188 4707 1468 4780; baseline 0.003 -19"><span class='ocrx_word' id='word_1_453' title='bbox 188 4707 308 4762; x_wconf 83' lang='lat' dir='ltr'>Brutum</span> <span class='ocrx_word' id='word_1_454' title='bbox 327 4710 405 4778; x_wconf 85' lang='lat' dir='ltr'>data)</span> <span class='ocrx_word' id='word_1_455' title='bbox 420 4712 429 4774; x_wconf 91' lang='grc'>1</span> <span class='ocrx_word' id='word_1_456' title='bbox 443 4715 467 4764; x_wconf 81' lang='grc'>7,</span> <span class='ocrx_word' id='word_1_457' title='bbox 486 4710 557 4762; x_wconf 91' lang='lat' dir='ltr'>fiunt</span> <span class='ocrx_word' id='word_1_458' title='bbox 577 4711 619 4778; x_wconf 87' lang='lat' dir='ltr'>M,</span> <span class='ocrx_word' id='word_1_459' title='bbox 637 4710 709 4764; x_wconf 87' lang='lat' dir='ltr'>fiant</span> <span class='ocrx_word' id='word_1_460' title='bbox 725 4710 786 4763; x_wconf 87' lang='lat' dir='ltr'>HD</span> <span class='ocrx_word' id='word_1_461' title='bbox 799 4714 808 4776; x_wconf 92' lang='grc'>11</span> <span class='ocrx_word' id='word_1_462' title='bbox 824 4715 864 4764; x_wconf 82' lang='lat'>12.</span> <span class='ocrx_word' id='word_1_463' title='bbox 883 4712 946 4766; x_wconf 84' lang='lat' dir='ltr'>buic</span> <span class='ocrx_word' id='word_1_464' title='bbox 964 4712 1096 4780; x_wconf 82' lang='lat' dir='ltr'>epistulae</span> <span class='ocrx_word' id='word_1_465' title='bbox 1114 4729 1132 4764; x_wconf 92' lang='lat' dir='ltr'>a</span> <span class='ocrx_word' id='word_1_466' title='bbox 1150 4708 1205 4776; x_wconf 66' lang='grc' dir='ltr'>Μ’,</span> <span class='ocrx_word' id='word_1_467' title='bbox 1223 4716 1255 4763; x_wconf 86' lang='lat' dir='ltr'>ut</span> <span class='ocrx_word' id='word_1_468' title='bbox 1272 4711 1342 4777; x_wconf 77' lang='lat' dir='ltr'>uid,</span> <span class='ocrx_word' id='word_1_469' title='bbox 1360 4709 1383 4762; x_wconf 93' lang='lat' dir='ltr'>B</span> <span class='ocrx_word' id='word_1_470' title='bbox 1401 4717 1468 4765; x_wconf 88' lang='lat' dir='ltr'>nola</span> 
     </span>
     <span class='ocr_line' id='line_1_45' title="bbox 189 4779 1467 4852; baseline 0.002 -18"><span class='ocrx_word' id='word_1_471' title='bbox 189 4779 330 4848; x_wconf 83' lang='lat' dir='ltr'>adscripta</span> <span class='ocrx_word' id='word_1_472' title='bbox 347 4786 395 4846; x_wconf 86' lang='lat' dir='ltr'>est,</span> <span class='ocrx_word' id='word_1_473' title='bbox 414 4782 545 4849; x_wconf 83' lang='lat' dir='ltr'>epistulae</span> <span class='ocrx_word' id='word_1_474' title='bbox 564 4781 637 4834; x_wconf 82' lang='lat' dir='ltr'>ssA</span> <span class='ocrx_word' id='word_1_475' title='bbox 657 4784 666 4848; x_wconf 93' lang='grc'>11</span> <span class='ocrx_word' id='word_1_476' title='bbox 690 4787 731 4835; x_wconf 89' lang='lat'>18.</span> <span class='ocrx_word' id='word_1_477' title='bbox 751 4781 965 4851; x_wconf 74' lang='lat' dir='ltr'>numquidnam}</span> <span class='ocrx_word' id='word_1_478' title='bbox 989 4784 1024 4845; x_wconf 79' lang='lat' dir='ltr'>cf.</span> <span class='ocrx_word' id='word_1_479' title='bbox 1045 4781 1198 4852; x_wconf 74' lang='lat' dir='ltr'>Lnndpraf</span> <span class='ocrx_word' id='word_1_480' title='bbox 1211 4783 1248 4835; x_wconf 89' lang='lat' dir='ltr'>od</span> <span class='ocrx_word' id='word_1_481' title='bbox 1269 4781 1322 4835; x_wconf 83' lang='lat' dir='ltr'>Oic.</span> <span class='ocrx_word' id='word_1_482' title='bbox 1338 4799 1368 4850; x_wconf 89' lang='lat' dir='ltr'>p.</span> <span class='ocrx_word' id='word_1_483' title='bbox 1387 4781 1467 4837; x_wconf 86' lang='lat' dir='ltr'>Rosa.</span> 
     </span>
     <span class='ocr_line' id='line_1_46' title="bbox 189 4849 1393 4922; baseline 0.004 -20"><span class='ocrx_word' id='word_1_484' title='bbox 189 4849 250 4904; x_wconf 80' lang='lat' dir='ltr'>Am.</span> <span class='ocrx_word' id='word_1_485' title='bbox 267 4868 296 4919; x_wconf 88' lang='lat' dir='ltr'>p.</span> <span class='ocrx_word' id='word_1_486' title='bbox 313 4854 444 4920; x_wconf 74' lang='lat'>3281121.</span> <span class='ocrx_word' id='word_1_487' title='bbox 464 4850 533 4905; x_wconf 90' lang='lat' dir='ltr'>mihi</span> <span class='ocrx_word' id='word_1_488' title='bbox 553 4854 581 4905; x_wconf 91' lang='lat' dir='ltr'>te</span> <span class='ocrx_word' id='word_1_489' title='bbox 601 4851 708 4906; x_wconf 87' lang='lat' dir='ltr'>amicus</span> <span class='ocrx_word' id='word_1_490' title='bbox 723 4854 764 4921; x_wconf 87' lang='lat' dir='ltr'>M,</span> <span class='ocrx_word' id='word_1_491' title='bbox 784 4852 854 4906; x_wconf 90' lang='lat' dir='ltr'>mibi</span> <span class='ocrx_word' id='word_1_492' title='bbox 873 4852 980 4907; x_wconf 86' lang='lat' dir='ltr'>amicus</span> <span class='ocrx_word' id='word_1_493' title='bbox 999 4856 1026 4907; x_wconf 90' lang='lat' dir='ltr'>te</span> <span class='ocrx_word' id='word_1_494' title='bbox 1042 4853 1080 4922; x_wconf 84' lang='lat' dir='ltr'>H,</span> <span class='ocrx_word' id='word_1_495' title='bbox 1100 4856 1129 4907; x_wconf 87' lang='lat' dir='ltr'>te</span> <span class='ocrx_word' id='word_1_496' title='bbox 1148 4851 1219 4908; x_wconf 80' lang='lat' dir='ltr'>mihi</span> <span class='ocrx_word' id='word_1_497' title='bbox 1238 4851 1344 4906; x_wconf 89' lang='lat' dir='ltr'>amicus</span> <span class='ocrx_word' id='word_1_498' title='bbox 1363 4854 1393 4907; x_wconf 92' lang='lat' dir='ltr'><em>D</em></span> 
     </span>
    </p>
   </div>
   <div class='ocr_carea' id='block_1_9' title="bbox 0 0 1652 5460">
    <p class='ocr_par' dir='ltr' id='par_1_11' title="bbox 0 0 1652 5460">
     <span class='ocr_line' id='line_1_47' title="bbox 0 0 1652 5460; baseline 0 0"><span class='ocrx_word' id='word_1_499' title='bbox 0 0 1652 5460; x_wconf 95' lang='lat' dir='ltr'> </span> 
     </span>
    </p>
   </div>
  </div>
 </body>
</html>
