3286 5460
644 390 682 446 M.
701 389 808 444 TVLLI
826 386 1015 445 CICERONIS

742 623 800 690 vs.
832 621 915 711 (ar.)

388 786 453 870 <n
477 784 637 852 cronno
662 784 694 851 s.
718 784 757 849 n.
781 783 816 849 Ρ.
839 782 1047 849 nnnrvno
1071 780 1271 864 saccos>

163 965 175 1012 1
278 949 421 1014 Tametsi
441 947 521 1012 mihi
539 947 621 1011 nihil
645 946 709 1010 fnit
728 945 887 1030 optatius,
913 967 1010 1029 quam
1034 948 1071 1008 nt
1090 944 1231 1028 primum
1255 943 1313 1007 abs
1336 924 1466 1026 teipso,

190 1057 303 1122 deinde
323 1081 343 1121 a
361 1056 478 1122 ceteris
498 1054 648 1118 omnibus
668 1075 765 1137 quam
783 1051 991 1138 gratissimus
1011 1073 1090 1136 erga
1108 1054 1141 1114 te
1160 1071 1231 1114 esse
1250 1071 1479 1134 cognoscerer,

192 1168 302 1228 tamen
326 1163 459 1227 adficior
479 1183 605 1225 summo
629 1160 740 1225 dolore
760 1159 916 1224 eiusmodi
942 1162 1090 1242 tempora
1107 1161 1184 1241 post
1207 1161 1297 1221 tuam
1320 1154 1470 1241 profecti-

193 1292 288 1335 onem
313 1273 488 1334 consecuta
515 1289 598 1350 esse,
626 1272 663 1330 ut
692 1271 725 1331 et
753 1269 915 1331 meamet
943 1269 1138 1330 ceterorum·
1154 1285 1232 1349 erga
1259 1266 1292 1326 te
1320 1263 1417 1326 fidem
1439 1266 1474 1325 et

194 1375 455 1440 benevolentiam
474 1373 592 1439 absens
616 1373 812 1458 experirere:
834 1375 867 1437 te
890 1372 999 1436 ridere
1024 1376 1057 1435 et
1082 1370 1201 1436 sentire
1220 1371 1355 1434 eandem
1377 1369 1470 1433 fidem

195 1504 265 1546 esse
288 1482 459 1546 hominum
482 1480 516 1544 in
539 1485 596 1544 tua
623 1480 797 1565 dignitate,
826 1501 923 1563 quam
952 1499 1013 1563 ego
1038 1479 1072 1542 in
1099 1500 1172 1544 mea
1199 1477 1303 1541 salute
1327 1498 1400 1540 sum
1423 1497 1470 1539 ex·

162 1592 321 1671 apertus,
349 1610 387 1651 ex
411 1587 477 1652 tuis
500 1587 621 1652 litteris
649 1585 803 1650 intellexi.
847 1607 908 1650 nos
933 1608 1006 1651 cum
1032 1583 1171 1649 maxime
1196 1583 1331 1649 consilio
1356 1581 1471 1665 studio,

193 1694 305 1759 labore
334 1694 441 1779 gratia
469 1695 507 1759 de
536 1716 633 1758 causa
662 1691 752 1779 regia
775 1693 968 1777 niteremur,
996 1692 1105 1756 subito
1133 1694 1246 1756 exorta
1272 1694 1324 1754 cst
1351 1689 1473 1754 nefaria

194 1798 329 1865 Catonis
361 1801 598 1887 promulgatio,
631 1822 712 1883 quae
743 1804 857 1864 nostra
889 1798 998 1863 studia
1029 1797 1202 1883 impediret
1232 1801 1265 1861 et
1298 1796 1425 1860 animos
1455 1817 1473 1858 a

194 1907 318 1972 minore
343 1930 420 1972 cura
443 1909 482 1972 ad
512 1930 674 1971 summum
697 1906 849 1970 timorem
877 1906 1075 1988 traduceret3
1104 1905 1160 1969 scd
1184 1909 1306 1986 tamen,
1333 1901 1368 1965 in
1392 1902 1473 1966 eius·

194 2014 325 2096 <modi>
344 2015 591 2097 perturbatione
610 2036 717 2078 rerum
737 2035 933 2097 quamquam
958 2012 1067 2076 omnia
1086 2016 1163 2076 sunt
1182 2009 1369 2094 metuenda,
1392 2007 1473 2073 nihil

195 2120 299 2205 magis
324 2141 421 2203 quam
450 2121 619 2205 perfidiam
649 2119 817 2203 timemus,
845 2123 878 2185 et
901 2118 1019 2184 Catoni
1048 2118 1192 2202 quidem,
1221 2137 1350 2201 quoquo
1379 2115 1474 2181 modo

164 2242 180 2290 3
196 2248 230 2289 se
250 2247 301 2289 res
320 2226 432 2309 habet,
454 2226 601 2311 profecto
620 2227 813 2291 resistimus.
854 2226 892 2290 de
912 2224 1132 2290 Alexandrina
1150 2246 1184 2288 re
1204 2244 1365 2306 causaque
1385 2221 1476 2308 regia
1488 2240 1523 2285 ι

195 2337 324 2396 tantum
347 2333 452 2398 habeo
472 2333 628 2417 polliceri,
651 2356 701 2397 me
726 2333 788 2397 tibi
812 2331 940 2397 absenti
963 2332 1093 2416 tuisque
1112 2330 1339 2416 praesentibus
1363 2351 1475 2394 cumu-

195 2439 259 2503 late
284 2439 364 2505 satis
388 2439 564 2524 facturum,
593 2440 648 2504 sed
672 2461 798 2523 vereor,
823 2461 864 2503 ne
889 2443 946 2503 aut
970 2438 1127 2522 eripiatur
1150 2449 1247 2503 causa
1265 2435 1357 2521 regia
1379 2435 1475 2500 nobis

196 2551 252 2610 aut
270 2547 446 2630 deseratur,
470 2570 607 2632 quorum
626 2551 736 2610 utrum
756 2546 863 2610 minus
881 2545 993 2630 velim,
1016 2567 1082 2609 non
1101 2544 1196 2610 facile
1215 2564 1348 2628 possum
1368 2540 1478 2607 existi·

196 2674 298 2741 mare3
326 2654 396 2737 sed,
420 2654 448 2717 si
471 2676 522 2719 res
547 2658 656 2739 coget,
683 2658 734 2718 est
763 2653 915 2737 quiddam
939 2653 1087 2736 tertium,
1115 2650 1201 2736 quod
1228 2672 1332 2734 nequo
1356 2647 1477 2714 Selicio

197 2781 257 2822 nec
280 2759 361 2823 mihi
381 2759 582 2844 displicebat,
605 2761 629 2844 †
652 2764 690 2824 ut
712 2782 817 2844 neque
835 2760 939 2824 iacere
963 2780 1073 2844 regem
1092 2763 1278 2843 pateremur
1299 2777 1359 2821 nec
1382 2755 1478 2820 nobis
1491 2775 1523 2818 at

199 2864 456 2948 repugnantibus
480 2866 520 2929 ad
544 2889 616 2930 eum
640 2866 773 2948 deferri,
801 2866 840 2930 ad
865 2888 961 2950 quem
984 2887 1085 2950 prope
1107 2865 1174 2929 iam
1197 2864 1342 2928 delatum
1365 2863 1477 2929 existi-

199 2974 315 3034 matur.
362 2994 382 3035 a
404 2972 499 3036 nobis
528 2977 665 3057 agentur
693 2971 802 3037 omnia
830 2972 1017 3057 diligenter,
1044 2977 1082 3035 ut
1104 2993 1221 3055 nequa,
1245 2971 1272 3034 si
1296 2970 1373 3055 quid
1397 2969 1479 3058 opti·

198 3076 268 3140 nori
288 3078 418 3161 poterit,
436 3102 502 3143 non
521 3079 752 3144 contendamus
770 3100 839 3161 nec,
858 3079 885 3142 si
905 3078 980 3162 quid
1000 3101 1067 3143 non
1086 3077 1332 3163 optinuerimns,
1354 3076 1479 3160 repulsi

168 3200 270 3247 lesse
296 3183 480 3249 videamur:
513 3189 586 3249 tuae
615 3185 791 3269 sapientiae
820 3186 1118 3271 magnitudinisque
1146 3184 1247 3249 animi
1270 3187 1321 3248 est
1348 3204 1479 3248 omnem

199 3288 445 3372 amplitudinem
470 3295 503 3355 et
530 3291 724 3376 dignitatem
753 3297 842 3356 tuam
865 3292 899 3355 in
923 3292 1043 3356 virtute
1072 3296 1169 3376 atque
1192 3290 1226 3355 in
1249 3291 1346 3356 rebus
1374 3291 1477 3376 gestis
1491 3312 1516 3353 ac

200 3395 265 3459 tuis
290 3401 388 3480 atque
406 3397 440 3461 in
459 3402 517 3462 tua
536 3399 695 3482 gravitate
714 3399 856 3481 positam
880 3398 1079 3481 existimare3
1103 3398 1131 3462 si
1151 3398 1285 3482 quidex
1306 3397 1353 3461 eis
1372 3397 1480 3481 rebus,

200 3524 280 3585 quas
311 3501 372 3567 tibi
402 3502 534 3568 fortuna
563 3488 682 3589 largita
712 3509 777 3582 est,
808 3504 1038 3569 nonnullorum
1066 3504 1235 3568 hominum
1264 3502 1400 3587 perfidia
1429 3503 1481 3566 de·

201 3609 351 3692 traxerit,
378 3610 411 3673 id
441 3610 555 3674 maiori
584 3610 649 3673 illis
678 3610 784 3674 fraudi
812 3632 910 3694 quam
937 3610 999 3674 tibi
1026 3609 1181 3674 futurum.
1228 3632 1247 3673 a
1274 3632 1325 3674 me
1353 3609 1480 3674 nullum

289 3843 313 3891 2.
334 3839 538 3909 rffascriptrpram
562 3855 611 3892 om.
632 3838 695 3891 Ma
714 3840 905 3906 (retenturum.
926 3838 997 3909 [III.
1017 3837 1131 3892 tametsi
1147 3838 1193 3907 R).
1222 3836 1318 3892 Cicero
1336 3837 1388 3892 sal.
1409 3836 1483 3892 dicit

200 3907 318 3961 Lentulo
332 3908 491 3978 proconsuli
504 3909 529 3964 G
542 3912 552 3975 ΙΙ
566 3915 590 3962 3.
605 3908 775 3963 Tametsi-
785 3911 813 3963 te
829 3911 860 3963 ia
872 3910 909 3963 M
918 3911 1061 3965 rectricem
1074 3911 1083 3977 ΙΙ
1097 3914 1122 3963 4.
1137 3907 1256 3963 caeteris
1267 3910 1304 3962 M
1313 3914 1322 3976 fl
1336 3915 1360 3963 5.
1372 3925 1481 3963 summo

200 3979 294 4033 studio
314 3978 410 4034 dolore
429 3981 455 4033 R
469 3983 478 4046 ΙΙ
491 3982 569 4033 tuam
591 3981 836 4048 ll1⁰cxnaml5.
857 3982 1030 4035 caeterorum
1050 3980 1096 4047 M,
1118 3980 1237 4033 aliorum
1258 3982 1306 4050 Gt
1321 3986 1343 4034 7.
1363 3979 1481 4033 beniuo-

201 4050 317 4103 lentiam
339 4051 392 4104 GR
406 4053 414 4118 ΙΙ
430 4057 470 4103 10.
491 4053 587 4104 exorta
605 4069 638 4105 ex
657 4051 785 4117 exhorta,
809 4059 840 4106 at
858 4054 923 4119 vid,
944 4054 978 4106 M
992 4056 1002 4119 ΙΙ
1017 4058 1057 4105 11.
1077 4050 1246 4121 impedirent
1265 4052 1313 4119 M,
1336 4069 1404 4107 cor-r.
1426 4051 1463 4104 M
1465 4050 1482 4117 ¹,

200 4128 231 4173 at
249 4123 303 4175 vid.
319 4125 328 4188 n
344 4127 383 4173 12.
407 4128 446 4175 13.
467 4120 526 4174 eius
546 4121 623 4174 modi
638 4141 667 4188 ς,
687 4122 746 4175 eius
766 4125 800 4189 a,
820 4125 891 4192 qaod
909 4130 979 4177 tenet
1000 4124 1026 4178 0.
1038 4126 1073 4177 A.
1085 4124 1227 4177 Lehmann
1246 4123 1371 4193 (‘quacst.
1393 4123 1480 4176 Tan)

202 4191 252 4258 lp.
269 4194 314 4258 85)
333 4192 342 4258 [Ι
362 4198 403 4244 15.
427 4191 552 4260 profecto
580 4210 629 4247 om.
661 4197 686 4248 (i
704 4197 713 4262 ΙΙ
730 4192 886 4246 resistimus
914 4195 986 4261 ΜΟ,
1015 4192 1170 4247 restitimus
1195 4194 1236 4261 Il,
1263 4193 1425 4247 resistemus
1445 4196 1482 4260 ςῑ)

204 4267 243 4314 17.
263 4278 349 4314 causa
367 4261 446 4332 regia
464 4264 514 4316 del.
535 4263 681 4317 Marurtr'as
694 4268 704 4332 ΙΙ
718 4264 797 4334 regia
815 4283 848 4318 ex
867 4264 927 4334 regi
946 4282 1013 4319 corr.
1030 4266 1080 4318 Μ0
1093 4268 1103 4333 ΙΙ
1117 4271 1159 4319 19.
1179 4266 1216 4319 ud
1234 4267 1315 4319 aerbo
1333 4280 1423 4332 noque
1438 4282 1481 4317 aa·

201 4331 267 4386 licio
283 4335 312 4386 ia
326 4351 409 4399 azoro.
428 4333 478 4385 M⁰
497 4335 610 4388 (adnotat
621 4358 626 4388 :
637 4352 737 4388 nomen
752 4335 902 4404 proprium.
918 4336 945 4389 R
959 4337 990 4389 ia
1004 4336 1064 4403 ipso
1078 4343 1153 4390 textu
1166 4338 1245 4390 babet
1255 4359 1261 4390 :
1272 4352 1362 4404 neque
1377 4351 1481 4389 nomen

201 4403 344 4471 proprium
363 4390 453 4457 silicio
478 4403 531 4470 (sil.
551 4423 585 4459 ec
604 4406 651 4460 sel.
672 4425 704 4460 m.
727 4410 751 4475 1)
774 4410 782 4473 ΙΙ
810 4423 861 4460 nec
880 4405 912 4470 Q.
932 4404 1034 4460 Selicio
1057 4409 1126 4460 coni.
1152 4408 1249 4461 Baiter
1267 4408 1276 4474 ΙΙ
1303 4413 1345 4461 20,
1362 4412 1403 4459 21.
1421 4422 1481 4460 rem

198 4474 1484 4620 erscracoartiorterracinensedissulcatur-rc

202 4622 290 4669 seruat
304 4617 313 4682 l
327 4622 369 4669 20.
385 4617 465 4670 nobis
477 4617 516 4684 M,
536 4617 617 4671 uobis
630 4620 683 4673 GR
697 4621 705 4686 ss
720 4625 761 4673 23.
777 4636 833 4681 nec,
847 4619 871 4672 si
889 4619 971 4689 quid]
990 4635 1005 4671 c
1025 4619 1048 4671 si
1067 4618 1135 4686 quid
1154 4621 1185 4672 io
1200 4619 1236 4671 M
1254 4567 1361 4674 raiiaii
1371 4563 1483 4687 scribsit

203 4703 301 4739 cnonas
319 4703 339 4738 s.
356 4688 421 4749 XV,
441 4690 519 4742 habet
537 4695 627 4742 tumen
640 4691 673 4742 P.
693 4706 744 4743 nec
763 4689 787 4741 si
803 4689 996 4743 —videamur
1013 4707 1063 4743 om.
1079 4690 1107 4743 R
1120 4692 1129 4755 n
1144 4695 1185 4743 26.
1200 4689 1323 4757 positam
1341 4708 1375 4745 ca
1393 4688 1484 4771 possi-

204 4760 279 4880 tqme
298 4759 493 4881 cortr:bMI¹,‘ut
511 4761 565 4814 rid.
586 4759 755 4829 sepositam
775 4761 829 4815 GR
842 4763 851 4828 [Ι
865 4759 934 4831 quid
954 4761 999 4828 M,
1025 4759 1087 4827 quis
1108 4761 1162 4815 GR
1175 4763 1185 4829 ll
1198 4759 1252 4832 eis]
1271 4760 1315 4814 his
1335 4763 1374 4830 a,
1393 4760 1429 4815 ris
1448 4764 1486 4832 §l

205 4842 219 4882 a
241 4870 246 4881 .
267 4844 366 4897 quani
388 4844 397 4879 1
