3286 5460
636 381 893 438 EPISTVLARVM
911 383 944 435 ll.
965 387 989 437 ἴ).
1009 388 1034 437 6,
1433 382 1476 446 33

196 566 296 628 quam
322 566 389 610 non
415 544 467 609 vel
494 566 608 630 capere
637 545 765 611 animus
798 567 889 610 meus
917 546 951 609 iu
979 545 1164 628 accipiendo
1193 545 1244 610 vel
1272 545 1304 611 in
1333 568 1478 611 remune-

196 652 298 717 rando
331 652 496 718 cumulare
529 656 626 736 atque
654 653 828 717 inlustrare
860 656 981 737 posset.
1025 673 1086 739 ego
1116 653 1224 717 omnia
1256 675 1329 717 mea
1361 653 1513 737 stadiae

196 781 327 824 omnem
355 782 487 843 operam
517 781 640 843 curam,
667 759 865 825 iudustriam
893 759 1141 845 cogitationem,
1171 765 1313 826 mentem
1341 760 1478 844 denique

196 887 328 930 omnem
351 865 385 931 in
408 865 542 932 Milonis
566 866 738 932 consulatu
763 866 820 930 fixi
844 870 878 931 et
900 866 1005 931 locavi
1029 868 1194 953 statuique
1218 867 1252 931 in
1276 889 1314 932 eo
1338 890 1389 931 me
1413 890 1479 932 non

165 973 299 1038 aoffieii
327 973 433 1038 solum
462 973 618 1057 fructum,
649 972 704 1037 sed
733 973 832 1037 etiam
858 972 992 1057 pietatis
1019 972 1148 1036 laudem
1176 973 1291 1039 debere
1315 996 1479 1058 quaerere,

195 1102 301 1164 neque
325 1103 401 1146 vero
430 1081 582 1164 cuiquam
609 1080 749 1144 salutem
776 1102 813 1144 ac
841 1078 989 1144 fortunas
1014 1100 1089 1143 suas
1121 1083 1230 1143 tantae
1254 1102 1348 1145 curae
1377 1080 1478 1146 fuisse

196 1210 352 1272 umquam
380 1191 473 1272 puto,
506 1192 646 1270 quantae
679 1185 760 1250 mihi
788 1187 832 1250 sit
859 1185 963 1250 honos
996 1185 1079 1268 eiua,
1112 1185 1146 1249 iu
1174 1208 1238 1270 quo
1267 1187 1377 1252 omnia
1406 1210 1479 1252 mea

196 1295 307 1377 posita
329 1316 400 1359 esse
419 1294 559 1359 decrevi:
582 1293 658 1358 huic
682 1297 714 1357 te
738 1315 839 1357 unum
858 1296 951 1356 tanto
971 1291 1157 1356 adiumento
1177 1314 1256 1376 esse,
1281 1294 1309 1357 si
1328 1294 1478 1378 volueris,

196 1421 293 1483 posse
316 1400 483 1486 intellego,
506 1404 543 1465 ut
565 1400 647 1464 nihil
672 1399 716 1464 sit
737 1404 905 1484 praeterea
926 1398 1021 1463 uobis
1046 1399 1282 1484 requirendum.
1320 1399 1478 1465 habemus

155 1528 181 1566 ιο
195 1506 276 1571 haec
306 1507 427 1571 omnia:
460 1508 621 1572 bonorum
654 1507 798 1571 studium
831 1505 1040 1571 conciliatum
1072 1527 1112 1569 ex
1143 1505 1314 1572 tribunatu
1346 1511 1479 1591 propter

196 1615 360 1697 nostram,
391 1617 430 1678 ut
459 1636 554 1698 spero
585 1617 617 1677 te
647 1613 854 1699 intellegere,
890 1634 1035 1696 causam,
1067 1613 1157 1699 vulgi
1190 1635 1227 1679 ac
1259 1612 1478 1678 multitudiuis

196 1723 332 1804 propter
360 1719 639 1806 magnificentiam
666 1743 837 1785 munerum
866 1719 1163 1804 liberalitatemque
1191 1723 1342 1805 naturae,
1370 1720 1480 1785 iuven·

196 1827 279 1891 tutis
304 1832 337 1891 et
360 1828 582 1913 gratiosorum
605 1828 640 1892 in
664 1828 829 1914 suffragiis
853 1825 961 1892 studia
983 1830 1118 1910 propter
1140 1826 1244 1911 ipsius
1267 1827 1479 1892 excellentem

198 1932 230 1996 in
255 1955 294 1996 eo
318 1953 436 2017 genere
464 1934 515 1999 vel
544 1934 685 2019 gratiam
709 1934 759 1998 vel
784 1932 1002 2019 diligentiam,
1032 1937 1179 1998 nostram
1203 1934 1481 2033 suffragationem,

160 2061 183 2098 u
197 2039 226 2102 si
256 2040 363 2104 miuus
390 2044 572 2125 potentem,
600 2045 636 2104 at
661 2040 835 2124 probatam
864 2045 974 2105 tamen
1001 2045 1035 2104 et
1063 2041 1185 2105 iustam
1212 2046 1246 2106 et
1273 2042 1417 2106 debitam
1446 2046 1480 2113 et

196 2137 371 2230 propterea
397 2146 537 2212 fortasse
566 2146 666 2212 etiam
694 2146 887 2234 gratiosam3
918 2147 982 2211 dux
1009 2147 1104 2212 uobis
1128 2152 1161 2212 et
1185 2153 1300 2213 auctor
1324 2170 1405 2232 opus
1429 2152 1515 2212 estc

197 2257 231 2316 et
262 2275 375 2318 eorum
407 2258 595 2338 ventorum,
629 2276 709 2338 quos
743 2253 914 2338 proposui,
946 2253 1131 2318 moderator
1162 2255 1292 2338 quidam
1323 2260 1357 2320 et
1387 2254 1480 2339 quasi

196 2359 413 2444 gubernator,
441 2360 497 2444 qui
521 2350 549 2425 si
573 2382 612 2424 ex
636 2359 788 2425 omnibus
817 2383 900 2425 unus
929 2360 1090 2444 optandus
1119 2365 1217 2446 esset,
1248 2384 1344 2446 quem
1372 2366 1480 2427 tecum

197 2465 344 2531 conferre
373 2489 556 2553 possemus,
585 2488 652 2531 nou
678 2466 886 2532 haberemus:
915 2466 1139 2551 quamobrem,
1167 2468 1195 2532 si
1218 2490 1270 2533 me
1294 2490 1480 2553 memorem,

166 2572 227 2637 asi
253 2577 394 2658 gratum,
417 2574 445 2638 si
468 2574 591 2638 bonum
615 2575 721 2638 virum
744 2574 795 2639 vel
819 2597 856 2639 ex
879 2574 942 2639 hoc
965 2574 1047 2658 ipso,
1070 2575 1156 2657 quod
1180 2578 1249 2640 tam
1272 2575 1481 2640 vehementer

198 2680 235 2744 de
259 2678 383 2745 Milone
406 2680 562 2763 laborem,
585 2680 772 2745 existimare
795 2685 900 2765 potes,
923 2681 951 2746 si
974 2681 1109 2765 dignum
1133 2681 1270 2765 denique
1294 2683 1360 2747 tuis
1384 2682 1480 2746 bene·

197 2786 281 2852 ficiis
305 2787 439 2869 iudicas,
462 2787 524 2853 hoc
548 2809 567 2852 a
591 2792 623 2852 te
646 2791 733 2872 peto,
755 2791 794 2852 ut
812 2787 984 2852 subvenias
1002 2786 1079 2852 huic
1102 2810 1192 2853 meae
1216 2788 1428 2853 sollicitudini
1448 2792 1481 2853 et

193 2892 273 2959 huic
298 2916 388 2960 meae
411 2894 500 2959 laudi
523 2895 588 2978 vel,
616 2900 653 2959 ut
676 2893 784 2961 verius
812 2895 932 2979 dicam,
958 2917 1059 2979 prope
1088 2895 1186 2960 saluti
1214 2900 1307 2960 tuum
1336 2896 1481 2961 studium

193 3000 294 3066 dices.
332 3002 379 3085 ¹de
408 3001 480 3086 ipso
504 3000 540 3064 T.
563 2999 672 3066 Annio
703 3006 830 3066 tantum
858 3002 920 3067 tibi
950 3001 1119 3086 polliceor,
1149 3006 1182 3067 te
1210 3003 1344 3068 maioris
1371 3004 1481 3089 animi,

139 3116 174 3158 ²⁶
189 3107 387 3193 gravitatis,
417 3107 620 3172 constantiae
648 3108 949 3192 benivolentiaeque
980 3130 1059 3194 erga
1087 3114 1134 3194 te,
1165 3110 1193 3174 si
1221 3110 1394 3194 complecti
1424 3111 1481 3175 ho-

188 3214 321 3278 minem
339 3214 491 3298 volueris,
509 3214 700 3279 habiturum
718 3237 788 3280 ease
803 3215 978 3300 nemiuem,
1001 3215 1082 3279 mihi
1101 3238 1177 3281 vero
1197 3221 1327 3282 tautum
1346 3217 1481 3302 decoris,

186 3324 330 3385 tantum
352 3319 525 3405 dignitatis
545 3321 738 3406 adiunxeris,
763 3326 799 3386 ut
822 3321 958 3386 eundem
982 3325 1015 3386 te
1038 3321 1133 3388 facile
1157 3325 1356 3409 adgnoscam
1379 3323 1480 3390 fuisse

181 3425 228 3491 in
253 3426 351 3490 laude
375 3449 456 3511 mea,
479 3412 535 3511 qui
553 3426 655 3493 fueris
679 3429 714 3492 in
737 3429 850 3494 salute.
887 3450 948 3515 ego
971 3429 1006 3492 ni
1025 3433 1058 3493 te
1077 3430 1185 3495 videre
1205 3431 1331 3515 scirem,
1353 3432 1515 3514 †quamo

181 3532 229 3598 in
250 3537 285 3598 te
304 3532 384 3597 haec
403 3533 588 3618 scriberem,
612 3540 770 3618 quantum
790 3534 891 3600 officii
911 3535 1114 3619 sustinerem,
1137 3541 1259 3621 quanto
1284 3559 1379 3621 opere
1400 3537 1480 3601 mihi

138 3648 152 3686 ³
179 3644 286 3706 esset
314 3639 350 3704 in
375 3640 436 3705 hae
470 3642 628 3724 petitione
656 3641 788 3707 Milonis
822 3643 910 3707 omni
942 3665 1008 3708 non
1041 3643 1136 3709 modo
1170 3644 1391 3729 contentione,
1424 3644 1480 3707 sed

188 3803 259 3812 s...-

291 3912 314 3960 l.
326 3911 351 3961 2.
364 3906 410 3961 vel
424 3905 455 3960 in
468 3909 671 3962 remunerando
686 3925 736 3962 one.
747 3908 775 3963 R
789 3911 797 3978 11
812 3913 835 3962 2.
853 3907 995 3962 cumulare
1011 3908 1073 3975 Gn,
1093 3907 1261 3962 cumulando
1277 3909 1313 3961 M
1324 3909 1394 3976 (·are
1403 3908 1438 3960 M
1442 3911 1461 3973 ΙΓ1

182 3982 220 4033 5
236 3977 357 4048 pietatis
376 3996 409 4033 ex
427 3978 574 4047 pietatatis
589 3981 624 4032 M
628 3980 634 4013 ¹
649 3984 658 4048 11
672 3996 804 4047 quaerere
821 3981 861 4045 M,
881 3979 1019 4046 inquirere
1036 3980 1090 4034 (r'R
1104 3981 1113 4046 11
1128 3984 1152 4033 6.
1168 3997 1233 4033 suas
1248 3982 1327 4032 tante
1344 3980 1398 4032 (en
1418 3984 1480 4044 (suu

181 4052 294 4103 stante
310 4049 356 4116 R),
376 4066 441 4102 suas
459 4052 541 4103 tanta
557 4052 593 4103 M
607 4053 715 4118 (tantae
727 4052 785 4119 M1)
799 4054 808 4119 11
824 4056 846 4104 7.
862 4052 985 4117 quantae
1005 4067 1029 4114 ς,
1049 4049 1149 4118 quanti
1168 4053 1195 4102 Ω
1208 4054 1217 4118 11
1232 4051 1270 4103 sit
1288 4050 1358 4115 MR,
1378 4067 1427 4102 our¹
1445 4052 1479 4103 G.

181 4124 241 4174 est
260 4122 314 4174 ulii
327 4125 336 4188 11
351 4126 375 4174 8.
394 4137 480 4173 unum
499 4124 579 4175 tanto
598 4139 632 4175 eu
650 4137 705 4175 uno
724 4124 836 4174 tantum
857 4122 894 4176 (1¹¹
909 4126 918 4189 11
934 4127 974 4176 12.
994 4120 1210 4189 libertatemque
1232 4122 1286 4175 GR
1300 4125 1309 4188 11
1326 4127 1364 4174 la.
1383 4127 1423 4174 13.
1439 4120 1479 4173 iu-

183 4191 291 4245 uentis
312 4191 367 4245 (r'R
381 4193 391 4259 11
406 4197 446 4246 13.
467 4192 562 4245 studia
581 4194 650 4258 MG,
669 4192 762 4262 posita
781 4192 875 4246 studia
894 4194 922 4245 R
936 4195 944 4259 11
961 4198 1000 4246 14.
1021 4209 1121 4262 genere
1141 4209 1262 4262 eugeus
1282 4193 1332 4245 Mc
1346 4195 1354 4259 11
1371 4197 1410 4245 15.
1431 4208 1479 4260 po-

184 4264 306 4317 tentem
325 4263 395 4329 Md,
415 4264 509 4332 potest
527 4264 554 4318 R
573 4267 581 4332 11
600 4266 631 4316 at
647 4264 798 4332 probatam
817 4265 863 4329 M,
887 4263 1072 4331 adprobatam
1093 4265 1131 4328 G,
1155 4264 1340 4332 approbatam
1359 4266 1428 4330 (um
1447 4279 1481 4316 ex

187 4352 257 4387 -um
277 4352 312 4387 m.
334 4339 359 4401 11
378 4334 413 4387 Η.
440 4336 474 4401 cs.
495 4336 611 4404 Mudoip
630 4337 667 4388 ud
688 4336 740 4389 Cic.
760 4337 793 4389 de
810 4337 856 4402 fia.
873 4335 1012 4403 11286311
1033 4341 1072 4390 16,
1093 4335 1248 4403 gratiosum
1268 4336 1313 4399 M,
1338 4333 1480 4402 gratiosus

188 4405 255 4458 GR
269 4407 278 4472 11
292 4421 363 4473 opus
382 4406 451 4472 MG,
471 4404 562 4474 operis
577 4406 605 4460 R
619 4409 627 4471 11
644 4411 683 4460 17,
703 4406 851 4475 praeposui
868 4406 923 4459 Gn
936 4408 945 4474 11
959 4406 1121 4459 moderatur
1135 4407 1171 4458 M
1186 4408 1253 4474 (tor
1268 4407 1301 4457 M
1305 4409 1326 4470 Γ1
1342 4408 1351 4472 11
1365 4403 1480 4471 quidam

190 4492 247 4530 om.
270 4475 326 4529 GR
349 4478 358 4543 11
383 4480 423 4529 19.
442 4491 487 4529 me
506 4494 557 4531 osu.
578 4478 633 4530 GR
656 4480 664 4545 11
688 4483 729 4532 2⁶3.
750 4495 767 4530 a
785 4480 813 4531 te
832 4479 872 4544 R,
893 4476 929 4529 ad
948 4479 976 4529 te
995 4478 1069 4541 MG,
1089 4477 1141 4529 abs
1159 4479 1187 4529 te
1208 4478 1366 4544 ll'eseuberp
1380 4480 1389 4543 11
1408 4478 1437 4528 et
1455 4493 1480 4541 ς,

191 4549 229 4599 ut
249 4548 276 4598 u
298 4549 308 4614 11
331 4552 373 4601 23.
392 4547 439 4600 uel
457 4550 490 4599 ut
507 4549 553 4617 M,
572 4548 657 4601 uelud
677 4549 731 4602 GR
754 4553 763 4616 11
787 4555 828 4602 24.
848 4551 867 4601 t.
888 4547 971 4601 annio
992 4549 1043 4614 M,
1058 4548 1092 4600 ·i·
1113 4563 1185 4600 anno
1205 4547 1255 4614 (-io
1275 4566 1307 4600 oa.
1328 4553 1355 4614 2)
1375 4548 1411 4613 R,
1431 4549 1480 4599 tuo

194 4617 340 4672 animoG
368 4620 377 4685 11
405 4623 447 4671 25.
467 4617 750 4687 beniuolentiaequac
769 4621 809 4673 M.
831 4618 1038 4672 beniuolentiae
1057 4620 1109 4672 olii
1127 4622 1136 4686 11
1156 4624 1198 4672 28.
1218 4621 1246 4671 te
1265 4618 1361 4672 uidere
1382 4617 1481 4671 scirem

198 4688 275 4755 MR,
298 4690 330 4740 tu
349 4688 460 4743 uideres
484 4706 543 4744 rem
563 4692 589 4744 G
611 4695 621 4759 11
643 4696 685 4745 28.
706 4696 748 4744 29,
769 4709 853 4758 quam
878 4691 907 4742 in
926 4693 954 4742 te
973 4689 1043 4742 haec
1062 4692 1096 4743 a.
1123 4706 1180 4756 qua
1203 4693 1296 4744 mente
1320 4691 1390 4743 haec
1410 4691 1481 4743 Boot

199 4761 278 4823 (aba.
298 4761 371 4813 crit!
389 4778 417 4829 p.
434 4763 473 4829 61,
498 4763 569 4816 baua
589 4779 674 4829 quom
694 4761 730 4814 ad
750 4764 778 4815 te
797 4763 867 4816 haec
886 4762 934 4813 Mr
956 4763 965 4829 11
988 4766 1030 4814 29.
1046 4763 1183 4828 quantum
1202 4762 1427 4831 R,quuu1tum
1447 4762 1480 4826 G,
1550 4790 1571 4829 0

202 4833 323 4897 quantus
338 4831 375 4884 M
390 4836 460 4900 (um
479 4832 538 4902 Μ’)
552 4837 562 4902 11
576 4836 747 4903 quantopere
768 4835 831 4902 GR,
851 4833 1012 4902 quantoque
1031 4848 1113 4902 opere
1132 4851 1148 4891 ς

254 4929 300 4970 Cic.
316 4942 352 4978 ep.
367 4930 401 4970 ed.
416 4931 627 4972 Mendclssohn.
1252 4930 1268 4975 3
