3314 5460
200 393 265 458 354
652 392 689 448 Μ.
709 392 816 446 TVLLI
835 391 1024 448 CICERONIS

200 558 305 623 dando
325 559 420 641 idem,
443 556 528 642 quod
548 579 620 643 ego,
638 557 684 620 sis
703 557 813 622 iudicii
833 561 867 622 et
885 557 1064 622 voluntatis
1082 556 1264 622 habiturus.
1301 557 1390 641 quod
1411 567 1486 622 cum

200 665 271 728 fieri
294 665 501 731 vehementer
520 665 644 748 studeo,
668 669 739 728 tum
758 665 856 729 etiam
879 666 960 730 illud
979 688 1101 750 vereor,
1123 687 1175 751 ne,
1198 665 1226 729 si
1246 665 1353 729 minus
1372 686 1487 729 cumu-

200 773 265 837 late
286 772 435 838 videbere
453 771 569 837 fecisse
589 772 712 856 aliquid
727 773 796 837 eius
811 795 916 857 causa,
935 795 987 837 me
1006 773 1062 837 ille
1079 773 1291 859 neglegenter
1311 773 1486 858 scripsisse

199 884 304 965 putet,
322 902 388 945 non
406 885 439 944 te
459 879 599 944 oblitum
618 879 695 964 mei,
719 881 833 964 quanti
852 880 939 945 enim
958 902 1010 945 me
1029 879 1163 965 faceres,
1182 902 1256 946 cum
1271 903 1311 946 ex
1326 880 1486 946 sermoni-

199 987 260 1051 bus
284 986 456 1051 cotidianis
481 987 571 1073 meis,
594 992 665 1051 tum
689 1008 727 1052 ex
751 987 901 1072 epistulis
925 988 1026 1053 etiam
1049 988 1116 1053 tuis
1139 988 1250 1073 potuit
1273 1009 1486 1072 cognoscere.
1512 1005 1526 1044 ⁵

734 1217 804 1285 111
840 1218 944 1306 (114.)

641 1377 798 1445 cronno
822 1378 983 1446 ssnno
1009 1379 1040 1446 s.

289 1541 473 1626 Asclapone
497 1538 656 1623 Patrensi,
679 1541 814 1625 medico,
837 1545 913 1606 utor
935 1541 1142 1606 familiariter
1160 1541 1293 1626 eiusque
1313 1565 1391 1607 cum
1411 1564 1486 1608 con·

201 1650 338 1715 suetudo
363 1647 443 1712 mihi
467 1647 605 1711 iucunda
628 1645 705 1732 fuit,
732 1650 803 1711 tum
828 1669 879 1712 ars
904 1647 1018 1733 etiam,
1048 1670 1147 1733 quam
1175 1670 1248 1713 sum
1271 1653 1428 1733 expertus
1451 1649 1486 1712 in

201 1755 386 1822 valetudine
419 1776 577 1836 meorum,
609 1752 644 1817 in
672 1776 737 1838 qua
771 1753 851 1818 mihi
885 1778 959 1819 cum
990 1755 1062 1840 ipsa
1094 1755 1244 1840 scientia,
1275 1760 1348 1820 tum
1382 1755 1485 1819 etiam
1502 1777 1528 1814 11

202 1864 357 1930 fidelitate
380 1859 664 1945 benivolentiaque
688 1860 769 1925 satis
793 1861 880 1926 feeit.
921 1861 1008 1928 hunc
1030 1862 1134 1948 igitur
1151 1862 1213 1927 tibi
1233 1861 1427 1927 commendo
1452 1866 1487 1926 et

201 1995 221 2036 a
244 1975 277 2036 te
300 1975 387 2054 peto,
410 1973 448 2033 ut
471 1969 526 2033 des
551 1989 699 2052 operam,
721 1971 759 2031 ut
782 1968 953 2055 intellegat
976 1969 1151 2055 diligenter
1173 1991 1224 2033 me
1248 1968 1422 2052 scripsisse
1445 1967 1485 2030 de

201 2101 271 2143 sese
291 2098 458 2160 meamque
478 2074 792 2140 commendationem
811 2076 884 2140 usui
904 2097 1023 2161 magno
1043 2074 1108 2140 sibi
1126 2074 1239 2140 fixisse:
1264 2075 1329 2140 erit
1347 2075 1383 2140 id
1403 2073 1485 2139 mihi

201 2186 410 2250 vehementer
433 2187 572 2268 gratum.

730 2323 816 2390 XXI.
850 2323 955 2412 (255.)
1503 2349 1527 2387 15

639 2481 800 2551 CICERO
824 2484 987 2553 SERVIO
1013 2484 1046 2552 S.

149 2645 181 2714 ¹1
290 2650 333 2715 M.
358 2648 518 2716 Aemilius
546 2646 704 2710 Avianius
737 2646 778 2709 ab
807 2646 938 2711 ineunte
968 2646 1190 2711 adulescentia
1218 2667 1269 2710 me
1299 2647 1488 2730 opservavit

201 2780 391 2843 semperque
424 2754 551 2838 dilexit,
585 2754 633 2817 vir
661 2774 735 2817 cum
768 2752 886 2836 bonus,
918 2758 990 2817 tum
1023 2753 1243 2837 perhumanus
1272 2757 1306 2818 et
1332 2754 1369 2818 in
1399 2754 1487 2818 omni

201 2888 318 2951 genere
347 2863 448 2930 officii
476 2860 672 2945 diligendus:
706 2882 801 2943 quem
830 2858 859 2923 si
887 2859 1065 2924 arbitrarer
1094 2882 1163 2925 esse
1188 2858 1327 2945 Sicyone
1358 2865 1392 2925 et
1422 2861 1488 2926 nisi

202 2972 347 3035 audirem
369 2969 416 3033 ibi
440 2990 514 3033 eum
537 2968 636 3031 etiam
658 2989 757 3050 nunc,
785 2965 841 3030 ubi
865 2987 925 3051 ego
949 2965 1082 3052 reliqui,
1112 2964 1250 3052 (libyrae
1279 2968 1486 3052 commorari,
1500 2993 1525 3032 so

202 3078 284 3141 nihil
308 3081 395 3141 esset
416 3097 547 3139 necesse
575 3075 669 3158 plura
692 3095 744 3144 me
768 3072 807 3136 ad
831 3077 864 3136 te
889 3072 927 3137 de
951 3094 989 3137 eo
1013 3074 1169 3158 scribere,
1200 3075 1374 3158 perficeret
1401 3073 1487 3139 enim

203 3185 271 3268 ipse
295 3183 442 3268 profecto
467 3183 534 3246 suis
558 3180 702 3245 moribus
727 3202 848 3264 suaque
879 3179 1098 3264 humanitate,
1129 3184 1167 3244 ut
1194 3180 1264 3245 sine
1293 3181 1487 3265 cuiusquam

203 3289 482 3355 commendatione
509 3288 699 3372 diligeretur
727 3309 784 3371 aps
814 3291 846 3351 te
874 3310 940 3353 non
968 3288 1075 3352 minus
1104 3309 1202 3371 quam
1230 3291 1264 3351 et
1292 3309 1311 3351 a
1334 3292 1488 3353 meets

168 3397 320 3462 secteris
344 3397 412 3461 suis
436 3395 667 3478 familiaribus,
695 3395 765 3479 sed,
793 3416 866 3459 cum
889 3394 982 3459 illum
1006 3396 1120 3460 abesse
1143 3399 1270 3479 putem,
1294 3394 1486 3460 commendo

203 3505 265 3569 tibi
293 3504 328 3578 in
357 3503 512 3568 maiorem
540 3502 672 3566 modum
700 3501 832 3565 domum
860 3500 943 3586 eius,
975 3524 1057 3586 quae
1085 3507 1138 3567 est
1166 3500 1319 3586 Sicyone,
1354 3522 1485 3585 remque
1499 3525 1522 3565 11

202 3611 407 3694 familiarem,
430 3609 569 3673 maxime
594 3607 823 3673 1111111111
843 3607 1088 3695 Hammonium,
1110 3609 1265 3674 libertum
1285 3607 1368 3693 eius,
1390 3629 1485 3692 quem

203 3720 333 3804 quidem
357 3717 418 3781 tibi
441 3716 540 3780 etiam
563 3737 621 3780 suo
645 3714 775 3779 nomine
795 3716 999 3799 commend03
1021 3738 1098 3780 nam
1117 3739 1192 3782 cnm
1210 3719 1388 3800 propterea
1405 3712 1486 3778 mihi

203 3831 253 3890 est
276 3826 447 3910 probatus,
476 3824 561 3906 quod
586 3827 637 3886 est
660 3823 694 3886 in
717 3825 891 3905 patronum
915 3845 1010 3887 suurn
1034 3823 1143 3888 officio
1168 3827 1201 3887 et
1224 3822 1287 3886 fide
1316 3821 1486 3908 singulari,

202 3938 273 3998 tum
297 3933 397 3998 etiam
420 3932 453 3995 in
479 3952 529 3994 me
553 3930 661 4014 ipsum
685 3948 804 4014 magna
827 3929 936 3993 officia
960 3930 1100 3995 contulit
1123 3929 1269 4013 mihique
1293 3928 1485 3994 molestissi-

204 4042 265 4104 mis
293 4039 495 4123 temporibus
525 4038 573 4100 ita
599 4035 737 4100 fideliter
765 4036 977 4119 benivoleque
1004 4042 1137 4122 praesto
1165 4037 1241 4120 fuit,
1272 4041 1310 4100 ut
1340 4040 1369 4100 si
1392 4059 1412 4100 a
1435 4057 1530 4100 mes·

205 4146 422 4211 manumissus
452 4149 547 4208 esset.
593 4144 703 4227 itaque
732 4146 807 4225 peto
837 4166 857 4207 a
879 4148 926 4227 te,
957 4148 995 4208 ut
1024 4167 1097 4209 eum
1125 4143 1364 4209 Hammonium
1392 4148 1427 4208 et
1453 4143 1486 4206 in

293 4366 317 4413 3.
333 4357 465 4410 uidebere
475 4357 516 4422 M,
531 4354 657 4408 uiderere
671 4351 708 4421 H,
723 4351 835 4407 uiderer
845 4354 984 4426 (officiose)
994 4357 1023 4411 D
1037 4359 1046 4427 ΙΙ
1061 4365 1085 4412 4.
1098 4359 1166 4427 pute
1175 4357 1213 4411 M
1222 4358 1232 4426 fl
1247 4360 1289 4410 12.
1300 4359 1344 4411 13.
1356 4355 1392 4410 de
1402 4371 1432 4410 se
1442 4355 1470 4410 D
1483 4367 1485 4370 ’

205 4438 245 4486 13.
266 4429 330 4484 usui
349 4428 405 4483 sibi
423 4444 526 4497 magno
551 4426 710 4494 Wesenberp
724 4428 733 4492 l
748 4430 789 4479 16.
810 4425 953 4498 SERVIO]
973 4428 1085 4483 octauio
1109 4432 1138 4482 Ψ
1153 4436 1178 4483 et
1196 4429 1255 4482 ind.
1269 4428 1307 4481 M
1323 4426 1483 4498 (ootauiano

204 4505 261 4557 iad.
282 4503 327 4569 Π)
355 4503 364 4571 ll
393 4507 433 4554 17.
453 4497 590 4553 Avianius
610 4497 710 4562 Klotz,
728 4495 847 4550 anianus
867 4498 908 4567 M,
928 4498 1078 4554 auinianus
1097 4500 1158 4554 HD
1180 4502 1190 4568 ΙΙ
1213 4504 1254 4554 19.
1275 4497 1441 4569 diligendus
1459 4498 1488 4550 Ψ

205 4576 249 4642 (cf.
265 4572 554 4643 Napelsbachdddller
569 4571 627 4623 ‘lat
643 4568 715 4622 Stil)
736 4586 761 4636 p.
778 4570 866 4638 274⁸),
887 4569 1008 4640 diligens
1022 4573 1063 4627 cel
1078 4569 1311 4642 diligentissimus
1327 4569 1486 4641 corrigunt!

205 4644 325 4698 arbitrer
344 4644 453 4712 111110.
473 4659 537 4696 eum
574 4642 597 4709 1,
617 4657 666 4694 ona
687 4639 748 4692 HD
762 4642 770 4707 ΙΙ
785 4645 827 4694 24.
847 4644 944 4709 putem
962 4661 995 4698 ecc
1013 4645 1082 4725 puto
1102 4644 1147 4696 M¹
1161 4645 1171 4713 ΙΙ
1185 4647 1226 4697 26.
1247 4639 1415 4696 auinianum
1433 4639 1467 4694 H

204 4715 367 4769 hamonium
386 4715 525 4783 11111127.
561 4711 632 4766 tiam
650 4728 700 4766 orn.
721 4710 830 4778 111129,
850 4716 891 4766 30.
910 4714 1124 4769 molesbssimus
1144 4713 1201 4781 Hl,
1220 4720 1245 4768 et
1263 4713 1294 4767 D
1312 4721 1379 4768 ante
1397 4730 1465 4768 corr.
1479 4722 1488 4781 ,l

204 4792 246 4914 qq.
269 4785 467 4840 Hammonium
492 4783 664 4858 (hamonium
688 4782 729 4852 D,
759 4783 928 4838 ammonium
953 4804 987 4843 ex
1014 4786 1071 4841 iam
1099 4785 1222 4840 monium
1252 4785 1285 4839 Η
1289 4784 1306 4855 ¹)
1336 4792 1488 4856 saqnctam

240 4861 335 4913 acatio
